%YAML 1.1
%TAG !u! tag:unity3d.com,2011:
--- !u!29 &1
OcclusionCullingSettings:
  m_ObjectHideFlags: 0
  serializedVersion: 2
  m_OcclusionBakeSettings:
    smallestOccluder: 5
    smallestHole: 0.25
    backfaceThreshold: 100
  m_SceneGUID: 00000000000000000000000000000000
  m_OcclusionCullingData: {fileID: 0}
--- !u!104 &2
RenderSettings:
  m_ObjectHideFlags: 0
  serializedVersion: 9
  m_Fog: 0
  m_FogColor: {r: 0.5, g: 0.5, b: 0.5, a: 1}
  m_FogMode: 3
  m_FogDensity: 0.01
  m_LinearFogStart: 0
  m_LinearFogEnd: 300
  m_AmbientSkyColor: {r: 0.212, g: 0.227, b: 0.259, a: 1}
  m_AmbientEquatorColor: {r: 0.114, g: 0.125, b: 0.133, a: 1}
  m_AmbientGroundColor: {r: 0.047, g: 0.043, b: 0.035, a: 1}
  m_AmbientIntensity: 1
  m_AmbientMode: 3
  m_SubtractiveShadowColor: {r: 0.42, g: 0.478, b: 0.627, a: 1}
  m_SkyboxMaterial: {fileID: 0}
  m_HaloStrength: 0.5
  m_FlareStrength: 1
  m_FlareFadeSpeed: 3
  m_HaloTexture: {fileID: 0}
  m_SpotCookie: {fileID: 10001, guid: 0000000000000000e000000000000000, type: 0}
  m_DefaultReflectionMode: 0
  m_DefaultReflectionResolution: 128
  m_ReflectionBounces: 1
  m_ReflectionIntensity: 1
  m_CustomReflection: {fileID: 0}
  m_Sun: {fileID: 0}
  m_IndirectSpecularColor: {r: 0, g: 0, b: 0, a: 1}
  m_UseRadianceAmbientProbe: 0
--- !u!157 &3
LightmapSettings:
  m_ObjectHideFlags: 0
  serializedVersion: 11
  m_GIWorkflowMode: 1
  m_GISettings:
    serializedVersion: 2
    m_BounceScale: 1
    m_IndirectOutputScale: 1
    m_AlbedoBoost: 1
    m_TemporalCoherenceThreshold: 1
    m_EnvironmentLightingMode: 0
    m_EnableBakedLightmaps: 0
    m_EnableRealtimeLightmaps: 0
  m_LightmapEditorSettings:
    serializedVersion: 10
    m_Resolution: 2
    m_BakeResolution: 40
    m_AtlasSize: 1024
    m_AO: 0
    m_AOMaxDistance: 1
    m_CompAOExponent: 1
    m_CompAOExponentDirect: 0
    m_Padding: 2
    m_LightmapParameters: {fileID: 0}
    m_LightmapsBakeMode: 1
    m_TextureCompression: 1
    m_FinalGather: 0
    m_FinalGatherFiltering: 1
    m_FinalGatherRayCount: 256
    m_ReflectionCompression: 2
    m_MixedBakeMode: 2
    m_BakeBackend: 1
    m_PVRSampling: 1
    m_PVRDirectSampleCount: 32
    m_PVRSampleCount: 500
    m_PVRBounces: 2
    m_PVRFilterTypeDirect: 0
    m_PVRFilterTypeIndirect: 0
    m_PVRFilterTypeAO: 0
    m_PVRFilteringMode: 1
    m_PVRCulling: 1
    m_PVRFilteringGaussRadiusDirect: 1
    m_PVRFilteringGaussRadiusIndirect: 5
    m_PVRFilteringGaussRadiusAO: 2
    m_PVRFilteringAtrousPositionSigmaDirect: 0.5
    m_PVRFilteringAtrousPositionSigmaIndirect: 2
    m_PVRFilteringAtrousPositionSigmaAO: 1
    m_ShowResolutionOverlay: 1
  m_LightingDataAsset: {fileID: 0}
  m_UseShadowmask: 1
--- !u!196 &4
NavMeshSettings:
  serializedVersion: 2
  m_ObjectHideFlags: 0
  m_BuildSettings:
    serializedVersion: 2
    agentTypeID: 0
    agentRadius: 0.5
    agentHeight: 2
    agentSlope: 45
    agentClimb: 0.4
    ledgeDropHeight: 0
    maxJumpAcrossDistance: 0
    minRegionArea: 2
    manualCellSize: 0
    cellSize: 0.16666667
    manualTileSize: 0
    tileSize: 256
    accuratePlacement: 0
    debug:
      m_Flags: 0
  m_NavMeshData: {fileID: 0}
--- !u!1001 &16229399
Prefab:
  m_ObjectHideFlags: 0
  serializedVersion: 2
  m_Modification:
    m_TransformParent: {fileID: 0}
    m_Modifications:
    - target: {fileID: 4453297734409166, guid: 754bd09981c758b459ebc29faf6a008a, type: 2}
      propertyPath: m_LocalPosition.x
      value: 4.78
      objectReference: {fileID: 0}
    - target: {fileID: 4453297734409166, guid: 754bd09981c758b459ebc29faf6a008a, type: 2}
      propertyPath: m_LocalPosition.y
      value: 0.77
      objectReference: {fileID: 0}
    - target: {fileID: 4453297734409166, guid: 754bd09981c758b459ebc29faf6a008a, type: 2}
      propertyPath: m_LocalPosition.z
      value: 0
      objectReference: {fileID: 0}
    - target: {fileID: 4453297734409166, guid: 754bd09981c758b459ebc29faf6a008a, type: 2}
      propertyPath: m_LocalRotation.x
      value: 0
      objectReference: {fileID: 0}
    - target: {fileID: 4453297734409166, guid: 754bd09981c758b459ebc29faf6a008a, type: 2}
      propertyPath: m_LocalRotation.y
      value: 0
      objectReference: {fileID: 0}
    - target: {fileID: 4453297734409166, guid: 754bd09981c758b459ebc29faf6a008a, type: 2}
      propertyPath: m_LocalRotation.z
      value: 0
      objectReference: {fileID: 0}
    - target: {fileID: 4453297734409166, guid: 754bd09981c758b459ebc29faf6a008a, type: 2}
      propertyPath: m_LocalRotation.w
      value: 1
      objectReference: {fileID: 0}
    - target: {fileID: 4453297734409166, guid: 754bd09981c758b459ebc29faf6a008a, type: 2}
      propertyPath: m_RootOrder
      value: 4
      objectReference: {fileID: 0}
    - target: {fileID: 114280841226279584, guid: 754bd09981c758b459ebc29faf6a008a,
        type: 2}
      propertyPath: paddle1
      value: 
      objectReference: {fileID: 692750481}
    - target: {fileID: 50066771607288804, guid: 754bd09981c758b459ebc29faf6a008a,
        type: 2}
      propertyPath: m_Constraints
      value: 4
      objectReference: {fileID: 0}
    m_RemovedComponents: []
  m_SourcePrefab: {fileID: 100100000, guid: 754bd09981c758b459ebc29faf6a008a, type: 2}
  m_IsPrefabAsset: 0
--- !u!1001 &141171354
Prefab:
  m_ObjectHideFlags: 0
  serializedVersion: 2
  m_Modification:
    m_TransformParent: {fileID: 0}
    m_Modifications:
    - target: {fileID: 4785370748957632, guid: a80b77f6d48a32346becb8e6a4852492, type: 2}
      propertyPath: m_LocalPosition.x
      value: 0
      objectReference: {fileID: 0}
    - target: {fileID: 4785370748957632, guid: a80b77f6d48a32346becb8e6a4852492, type: 2}
      propertyPath: m_LocalPosition.y
      value: 0
      objectReference: {fileID: 0}
    - target: {fileID: 4785370748957632, guid: a80b77f6d48a32346becb8e6a4852492, type: 2}
      propertyPath: m_LocalPosition.z
      value: 0
      objectReference: {fileID: 0}
    - target: {fileID: 4785370748957632, guid: a80b77f6d48a32346becb8e6a4852492, type: 2}
      propertyPath: m_LocalRotation.x
      value: -0
      objectReference: {fileID: 0}
    - target: {fileID: 4785370748957632, guid: a80b77f6d48a32346becb8e6a4852492, type: 2}
      propertyPath: m_LocalRotation.y
      value: -0
      objectReference: {fileID: 0}
    - target: {fileID: 4785370748957632, guid: a80b77f6d48a32346becb8e6a4852492, type: 2}
      propertyPath: m_LocalRotation.z
      value: -0
      objectReference: {fileID: 0}
    - target: {fileID: 4785370748957632, guid: a80b77f6d48a32346becb8e6a4852492, type: 2}
      propertyPath: m_LocalRotation.w
      value: 1
      objectReference: {fileID: 0}
    - target: {fileID: 4785370748957632, guid: a80b77f6d48a32346becb8e6a4852492, type: 2}
      propertyPath: m_RootOrder
      value: 0
      objectReference: {fileID: 0}
    m_RemovedComponents: []
  m_SourcePrefab: {fileID: 100100000, guid: a80b77f6d48a32346becb8e6a4852492, type: 2}
  m_IsPrefabAsset: 0
--- !u!1 &141171355 stripped
GameObject:
  m_CorrespondingSourceObject: {fileID: 1914800606574652, guid: a80b77f6d48a32346becb8e6a4852492,
    type: 2}
  m_PrefabInternal: {fileID: 141171354}
--- !u!114 &141171356
MonoBehaviour:
  m_ObjectHideFlags: 0
  m_CorrespondingSourceObject: {fileID: 0}
  m_PrefabInternal: {fileID: 0}
  m_GameObject: {fileID: 141171355}
  m_Enabled: 1
  m_EditorHideFlags: 0
  m_Script: {fileID: 11500000, guid: 04e1293b523681e458a91d68c464cbe2, type: 3}
  m_Name: 
  m_EditorClassIdentifier: 
--- !u!1001 &201324328
Prefab:
  m_ObjectHideFlags: 0
  serializedVersion: 2
  m_Modification:
    m_TransformParent: {fileID: 0}
    m_Modifications:
    - target: {fileID: 4640702933842676, guid: 4fadf2dbe488220409d84fea9d9f417b, type: 2}
      propertyPath: m_LocalPosition.x
      value: 8
      objectReference: {fileID: 0}
    - target: {fileID: 4640702933842676, guid: 4fadf2dbe488220409d84fea9d9f417b, type: 2}
      propertyPath: m_LocalPosition.y
      value: 6
      objectReference: {fileID: 0}
    - target: {fileID: 4640702933842676, guid: 4fadf2dbe488220409d84fea9d9f417b, type: 2}
      propertyPath: m_LocalPosition.z
      value: -10
      objectReference: {fileID: 0}
    - target: {fileID: 4640702933842676, guid: 4fadf2dbe488220409d84fea9d9f417b, type: 2}
      propertyPath: m_LocalRotation.x
      value: 0
      objectReference: {fileID: 0}
    - target: {fileID: 4640702933842676, guid: 4fadf2dbe488220409d84fea9d9f417b, type: 2}
      propertyPath: m_LocalRotation.y
      value: 0
      objectReference: {fileID: 0}
    - target: {fileID: 4640702933842676, guid: 4fadf2dbe488220409d84fea9d9f417b, type: 2}
      propertyPath: m_LocalRotation.z
      value: 0
      objectReference: {fileID: 0}
    - target: {fileID: 4640702933842676, guid: 4fadf2dbe488220409d84fea9d9f417b, type: 2}
      propertyPath: m_LocalRotation.w
      value: 1
      objectReference: {fileID: 0}
    - target: {fileID: 4640702933842676, guid: 4fadf2dbe488220409d84fea9d9f417b, type: 2}
      propertyPath: m_RootOrder
      value: 1
      objectReference: {fileID: 0}
    - target: {fileID: 20127553642444644, guid: 4fadf2dbe488220409d84fea9d9f417b,
        type: 2}
      propertyPath: m_AllowDynamicResolution
      value: 0
      objectReference: {fileID: 0}
    m_RemovedComponents: []
  m_SourcePrefab: {fileID: 100100000, guid: 4fadf2dbe488220409d84fea9d9f417b, type: 2}
  m_IsPrefabAsset: 0
--- !u!114 &442675199 stripped
MonoBehaviour:
  m_CorrespondingSourceObject: {fileID: 114870722457777892, guid: 4f6b33251ff7ba641b214dbe95f53f32,
    type: 2}
  m_PrefabInternal: {fileID: 1303188770}
  m_Script: {fileID: 11500000, guid: f4688fdb7df04437aeb418b961361dc5, type: 3}
--- !u!1001 &524703152
Prefab:
  m_ObjectHideFlags: 0
  serializedVersion: 2
  m_Modification:
    m_TransformParent: {fileID: 2025423599}
    m_Modifications:
    - target: {fileID: 4342440674800068, guid: b245c64cd494b2942ad1e4fc0f8fa6f1, type: 2}
      propertyPath: m_LocalPosition.x
      value: 2
      objectReference: {fileID: 0}
    - target: {fileID: 4342440674800068, guid: b245c64cd494b2942ad1e4fc0f8fa6f1, type: 2}
      propertyPath: m_LocalPosition.y
      value: 1.0907
      objectReference: {fileID: 0}
    - target: {fileID: 4342440674800068, guid: b245c64cd494b2942ad1e4fc0f8fa6f1, type: 2}
      propertyPath: m_LocalPosition.z
      value: 0
      objectReference: {fileID: 0}
    - target: {fileID: 4342440674800068, guid: b245c64cd494b2942ad1e4fc0f8fa6f1, type: 2}
      propertyPath: m_LocalRotation.x
      value: -0
      objectReference: {fileID: 0}
    - target: {fileID: 4342440674800068, guid: b245c64cd494b2942ad1e4fc0f8fa6f1, type: 2}
      propertyPath: m_LocalRotation.y
      value: -0
      objectReference: {fileID: 0}
    - target: {fileID: 4342440674800068, guid: b245c64cd494b2942ad1e4fc0f8fa6f1, type: 2}
      propertyPath: m_LocalRotation.z
      value: -0
      objectReference: {fileID: 0}
    - target: {fileID: 4342440674800068, guid: b245c64cd494b2942ad1e4fc0f8fa6f1, type: 2}
      propertyPath: m_LocalRotation.w
      value: 1
      objectReference: {fileID: 0}
    - target: {fileID: 4342440674800068, guid: b245c64cd494b2942ad1e4fc0f8fa6f1, type: 2}
      propertyPath: m_RootOrder
      value: 2
      objectReference: {fileID: 0}
    - target: {fileID: 1733241763292932, guid: b245c64cd494b2942ad1e4fc0f8fa6f1, type: 2}
      propertyPath: m_Name
      value: Block (2)
      objectReference: {fileID: 0}
    m_RemovedComponents: []
  m_SourcePrefab: {fileID: 100100000, guid: b245c64cd494b2942ad1e4fc0f8fa6f1, type: 2}
  m_IsPrefabAsset: 0
--- !u!4 &524703153 stripped
Transform:
  m_CorrespondingSourceObject: {fileID: 4342440674800068, guid: b245c64cd494b2942ad1e4fc0f8fa6f1,
    type: 2}
  m_PrefabInternal: {fileID: 524703152}
--- !u!114 &692750481 stripped
MonoBehaviour:
  m_CorrespondingSourceObject: {fileID: 114367244037212068, guid: 4bd2268b58d8c3d49b2325010e96eed4,
    type: 2}
  m_PrefabInternal: {fileID: 1763844514}
  m_Script: {fileID: 11500000, guid: 7fdb971b9d5c8124dbf3d340b4efa944, type: 3}
--- !u!1001 &725616215
Prefab:
  m_ObjectHideFlags: 0
  serializedVersion: 2
  m_Modification:
    m_TransformParent: {fileID: 0}
    m_Modifications:
    - target: {fileID: 4869920224331368, guid: 558d41f361d1c604e9409ba671fb700a, type: 2}
      propertyPath: m_LocalPosition.x
      value: 0
      objectReference: {fileID: 0}
    - target: {fileID: 4869920224331368, guid: 558d41f361d1c604e9409ba671fb700a, type: 2}
      propertyPath: m_LocalPosition.y
      value: 0
      objectReference: {fileID: 0}
    - target: {fileID: 4869920224331368, guid: 558d41f361d1c604e9409ba671fb700a, type: 2}
      propertyPath: m_LocalPosition.z
      value: 0
      objectReference: {fileID: 0}
    - target: {fileID: 4869920224331368, guid: 558d41f361d1c604e9409ba671fb700a, type: 2}
      propertyPath: m_LocalRotation.x
      value: 0
      objectReference: {fileID: 0}
    - target: {fileID: 4869920224331368, guid: 558d41f361d1c604e9409ba671fb700a, type: 2}
      propertyPath: m_LocalRotation.y
      value: 0
      objectReference: {fileID: 0}
    - target: {fileID: 4869920224331368, guid: 558d41f361d1c604e9409ba671fb700a, type: 2}
      propertyPath: m_LocalRotation.z
      value: 0
      objectReference: {fileID: 0}
    - target: {fileID: 4869920224331368, guid: 558d41f361d1c604e9409ba671fb700a, type: 2}
      propertyPath: m_LocalRotation.w
      value: 1
      objectReference: {fileID: 0}
    - target: {fileID: 4869920224331368, guid: 558d41f361d1c604e9409ba671fb700a, type: 2}
      propertyPath: m_RootOrder
      value: 2
      objectReference: {fileID: 0}
    - target: {fileID: 212132222830135370, guid: 558d41f361d1c604e9409ba671fb700a,
        type: 2}
      propertyPath: m_Color.r
      value: 1
      objectReference: {fileID: 0}
    - target: {fileID: 212132222830135370, guid: 558d41f361d1c604e9409ba671fb700a,
        type: 2}
      propertyPath: m_Color.g
      value: 1
      objectReference: {fileID: 0}
    - target: {fileID: 212132222830135370, guid: 558d41f361d1c604e9409ba671fb700a,
        type: 2}
      propertyPath: m_Color.b
      value: 1
      objectReference: {fileID: 0}
    m_RemovedComponents: []
  m_SourcePrefab: {fileID: 100100000, guid: 558d41f361d1c604e9409ba671fb700a, type: 2}
  m_IsPrefabAsset: 0
--- !u!1001 &761092109
Prefab:
  m_ObjectHideFlags: 0
  serializedVersion: 2
  m_Modification:
    m_TransformParent: {fileID: 2025423599}
    m_Modifications:
    - target: {fileID: 4342440674800068, guid: b245c64cd494b2942ad1e4fc0f8fa6f1, type: 2}
      propertyPath: m_LocalPosition.x
      value: -3
      objectReference: {fileID: 0}
    - target: {fileID: 4342440674800068, guid: b245c64cd494b2942ad1e4fc0f8fa6f1, type: 2}
      propertyPath: m_LocalPosition.y
      value: 1.0906997
      objectReference: {fileID: 0}
    - target: {fileID: 4342440674800068, guid: b245c64cd494b2942ad1e4fc0f8fa6f1, type: 2}
      propertyPath: m_LocalPosition.z
      value: 0
      objectReference: {fileID: 0}
    - target: {fileID: 4342440674800068, guid: b245c64cd494b2942ad1e4fc0f8fa6f1, type: 2}
      propertyPath: m_LocalRotation.x
      value: -0
      objectReference: {fileID: 0}
    - target: {fileID: 4342440674800068, guid: b245c64cd494b2942ad1e4fc0f8fa6f1, type: 2}
      propertyPath: m_LocalRotation.y
      value: -0
      objectReference: {fileID: 0}
    - target: {fileID: 4342440674800068, guid: b245c64cd494b2942ad1e4fc0f8fa6f1, type: 2}
      propertyPath: m_LocalRotation.z
      value: -0
      objectReference: {fileID: 0}
    - target: {fileID: 4342440674800068, guid: b245c64cd494b2942ad1e4fc0f8fa6f1, type: 2}
      propertyPath: m_LocalRotation.w
      value: 1
      objectReference: {fileID: 0}
    - target: {fileID: 4342440674800068, guid: b245c64cd494b2942ad1e4fc0f8fa6f1, type: 2}
      propertyPath: m_RootOrder
      value: 6
      objectReference: {fileID: 0}
    - target: {fileID: 1733241763292932, guid: b245c64cd494b2942ad1e4fc0f8fa6f1, type: 2}
      propertyPath: m_Name
      value: Block (6)
      objectReference: {fileID: 0}
    m_RemovedComponents: []
  m_SourcePrefab: {fileID: 100100000, guid: b245c64cd494b2942ad1e4fc0f8fa6f1, type: 2}
  m_IsPrefabAsset: 0
--- !u!4 &761092110 stripped
Transform:
  m_CorrespondingSourceObject: {fileID: 4342440674800068, guid: b245c64cd494b2942ad1e4fc0f8fa6f1,
    type: 2}
  m_PrefabInternal: {fileID: 761092109}
--- !u!1 &762792431 stripped
GameObject:
  m_CorrespondingSourceObject: {fileID: 1172376209688542, guid: 754bd09981c758b459ebc29faf6a008a,
    type: 2}
  m_PrefabInternal: {fileID: 16229399}
--- !u!82 &762792432
AudioSource:
  m_ObjectHideFlags: 0
  m_CorrespondingSourceObject: {fileID: 0}
  m_PrefabInternal: {fileID: 0}
  m_GameObject: {fileID: 762792431}
  m_Enabled: 1
  serializedVersion: 4
  OutputAudioMixerGroup: {fileID: 0}
  m_audioClip: {fileID: 8300000, guid: 0237f65c7614f594991275323402c087, type: 3}
  m_PlayOnAwake: 0
  m_Volume: 1
  m_Pitch: 1
  Loop: 0
  Mute: 0
  Spatialize: 0
  SpatializePostEffects: 0
  Priority: 128
  DopplerLevel: 1
  MinDistance: 1
  MaxDistance: 500
  Pan2D: 0
  rolloffMode: 0
  BypassEffects: 0
  BypassListenerEffects: 0
  BypassReverbZones: 0
  rolloffCustomCurve:
    serializedVersion: 2
    m_Curve:
    - serializedVersion: 3
      time: 0
      value: 1
      inSlope: 0
      outSlope: 0
      tangentMode: 0
      weightedMode: 0
      inWeight: 0.33333334
      outWeight: 0.33333334
    - serializedVersion: 3
      time: 1
      value: 0
      inSlope: 0
      outSlope: 0
      tangentMode: 0
      weightedMode: 0
      inWeight: 0.33333334
      outWeight: 0.33333334
    m_PreInfinity: 2
    m_PostInfinity: 2
    m_RotationOrder: 4
  panLevelCustomCurve:
    serializedVersion: 2
    m_Curve:
    - serializedVersion: 3
      time: 0
      value: 0
      inSlope: 0
      outSlope: 0
      tangentMode: 0
      weightedMode: 0
      inWeight: 0.33333334
      outWeight: 0.33333334
    m_PreInfinity: 2
    m_PostInfinity: 2
    m_RotationOrder: 4
  spreadCustomCurve:
    serializedVersion: 2
    m_Curve:
    - serializedVersion: 3
      time: 0
      value: 0
      inSlope: 0
      outSlope: 0
      tangentMode: 0
      weightedMode: 0
      inWeight: 0.33333334
      outWeight: 0.33333334
    m_PreInfinity: 2
    m_PostInfinity: 2
    m_RotationOrder: 4
  reverbZoneMixCustomCurve:
    serializedVersion: 2
    m_Curve:
    - serializedVersion: 3
      time: 0
      value: 1
      inSlope: 0
      outSlope: 0
      tangentMode: 0
      weightedMode: 0
      inWeight: 0.33333334
      outWeight: 0.33333334
    m_PreInfinity: 2
    m_PostInfinity: 2
    m_RotationOrder: 4
--- !u!1001 &826068940
Prefab:
  m_ObjectHideFlags: 0
  serializedVersion: 2
  m_Modification:
    m_TransformParent: {fileID: 2025423599}
    m_Modifications:
    - target: {fileID: 4342440674800068, guid: b245c64cd494b2942ad1e4fc0f8fa6f1, type: 2}
      propertyPath: m_LocalPosition.x
      value: 0
      objectReference: {fileID: 0}
    - target: {fileID: 4342440674800068, guid: b245c64cd494b2942ad1e4fc0f8fa6f1, type: 2}
      propertyPath: m_LocalPosition.y
      value: 1.0906997
      objectReference: {fileID: 0}
    - target: {fileID: 4342440674800068, guid: b245c64cd494b2942ad1e4fc0f8fa6f1, type: 2}
      propertyPath: m_LocalPosition.z
      value: 0
      objectReference: {fileID: 0}
    - target: {fileID: 4342440674800068, guid: b245c64cd494b2942ad1e4fc0f8fa6f1, type: 2}
      propertyPath: m_LocalRotation.x
      value: -0
      objectReference: {fileID: 0}
    - target: {fileID: 4342440674800068, guid: b245c64cd494b2942ad1e4fc0f8fa6f1, type: 2}
      propertyPath: m_LocalRotation.y
      value: -0
      objectReference: {fileID: 0}
    - target: {fileID: 4342440674800068, guid: b245c64cd494b2942ad1e4fc0f8fa6f1, type: 2}
      propertyPath: m_LocalRotation.z
      value: -0
      objectReference: {fileID: 0}
    - target: {fileID: 4342440674800068, guid: b245c64cd494b2942ad1e4fc0f8fa6f1, type: 2}
      propertyPath: m_LocalRotation.w
      value: 1
      objectReference: {fileID: 0}
    - target: {fileID: 4342440674800068, guid: b245c64cd494b2942ad1e4fc0f8fa6f1, type: 2}
      propertyPath: m_RootOrder
      value: 1
      objectReference: {fileID: 0}
    - target: {fileID: 1733241763292932, guid: b245c64cd494b2942ad1e4fc0f8fa6f1, type: 2}
      propertyPath: m_Name
      value: Block (1)
      objectReference: {fileID: 0}
    m_RemovedComponents: []
  m_SourcePrefab: {fileID: 100100000, guid: b245c64cd494b2942ad1e4fc0f8fa6f1, type: 2}
  m_IsPrefabAsset: 0
--- !u!4 &826068941 stripped
Transform:
  m_CorrespondingSourceObject: {fileID: 4342440674800068, guid: b245c64cd494b2942ad1e4fc0f8fa6f1,
    type: 2}
  m_PrefabInternal: {fileID: 826068940}
--- !u!1001 &1303188770
Prefab:
  m_ObjectHideFlags: 0
  serializedVersion: 2
  m_Modification:
    m_TransformParent: {fileID: 0}
    m_Modifications:
    - target: {fileID: 4296460166266816, guid: 4f6b33251ff7ba641b214dbe95f53f32, type: 2}
      propertyPath: m_LocalPosition.x
      value: 8
      objectReference: {fileID: 0}
    - target: {fileID: 4296460166266816, guid: 4f6b33251ff7ba641b214dbe95f53f32, type: 2}
      propertyPath: m_LocalPosition.y
      value: 6
      objectReference: {fileID: 0}
    - target: {fileID: 4296460166266816, guid: 4f6b33251ff7ba641b214dbe95f53f32, type: 2}
      propertyPath: m_LocalPosition.z
      value: -10
      objectReference: {fileID: 0}
    - target: {fileID: 4296460166266816, guid: 4f6b33251ff7ba641b214dbe95f53f32, type: 2}
      propertyPath: m_LocalRotation.x
      value: 0
      objectReference: {fileID: 0}
    - target: {fileID: 4296460166266816, guid: 4f6b33251ff7ba641b214dbe95f53f32, type: 2}
      propertyPath: m_LocalRotation.y
      value: 0
      objectReference: {fileID: 0}
    - target: {fileID: 4296460166266816, guid: 4f6b33251ff7ba641b214dbe95f53f32, type: 2}
      propertyPath: m_LocalRotation.z
      value: 0
      objectReference: {fileID: 0}
    - target: {fileID: 4296460166266816, guid: 4f6b33251ff7ba641b214dbe95f53f32, type: 2}
      propertyPath: m_LocalRotation.w
      value: 1
      objectReference: {fileID: 0}
    - target: {fileID: 4296460166266816, guid: 4f6b33251ff7ba641b214dbe95f53f32, type: 2}
      propertyPath: m_RootOrder
      value: 6
      objectReference: {fileID: 0}
    - target: {fileID: 114486572471376504, guid: 4f6b33251ff7ba641b214dbe95f53f32,
        type: 2}
      propertyPath: scoreText
      value: 
      objectReference: {fileID: 442675199}
    - target: {fileID: 224968852668231440, guid: 4f6b33251ff7ba641b214dbe95f53f32,
        type: 2}
      propertyPath: m_LocalPosition.z
      value: 0
      objectReference: {fileID: 0}
    m_RemovedComponents: []
  m_SourcePrefab: {fileID: 100100000, guid: 4f6b33251ff7ba641b214dbe95f53f32, type: 2}
  m_IsPrefabAsset: 0
--- !u!1001 &1486680990
Prefab:
  m_ObjectHideFlags: 0
  serializedVersion: 2
  m_Modification:
    m_TransformParent: {fileID: 2025423599}
    m_Modifications:
    - target: {fileID: 4342440674800068, guid: b245c64cd494b2942ad1e4fc0f8fa6f1, type: 2}
      propertyPath: m_LocalPosition.x
      value: 3
      objectReference: {fileID: 0}
    - target: {fileID: 4342440674800068, guid: b245c64cd494b2942ad1e4fc0f8fa6f1, type: 2}
      propertyPath: m_LocalPosition.y
      value: 1.0907
      objectReference: {fileID: 0}
    - target: {fileID: 4342440674800068, guid: b245c64cd494b2942ad1e4fc0f8fa6f1, type: 2}
      propertyPath: m_LocalPosition.z
      value: 0
      objectReference: {fileID: 0}
    - target: {fileID: 4342440674800068, guid: b245c64cd494b2942ad1e4fc0f8fa6f1, type: 2}
      propertyPath: m_LocalRotation.x
      value: -0
      objectReference: {fileID: 0}
    - target: {fileID: 4342440674800068, guid: b245c64cd494b2942ad1e4fc0f8fa6f1, type: 2}
      propertyPath: m_LocalRotation.y
      value: -0
      objectReference: {fileID: 0}
    - target: {fileID: 4342440674800068, guid: b245c64cd494b2942ad1e4fc0f8fa6f1, type: 2}
      propertyPath: m_LocalRotation.z
      value: -0
      objectReference: {fileID: 0}
    - target: {fileID: 4342440674800068, guid: b245c64cd494b2942ad1e4fc0f8fa6f1, type: 2}
      propertyPath: m_LocalRotation.w
      value: 1
      objectReference: {fileID: 0}
    - target: {fileID: 4342440674800068, guid: b245c64cd494b2942ad1e4fc0f8fa6f1, type: 2}
      propertyPath: m_RootOrder
      value: 3
      objectReference: {fileID: 0}
    - target: {fileID: 1733241763292932, guid: b245c64cd494b2942ad1e4fc0f8fa6f1, type: 2}
      propertyPath: m_Name
      value: Block (3)
      objectReference: {fileID: 0}
    m_RemovedComponents: []
  m_SourcePrefab: {fileID: 100100000, guid: b245c64cd494b2942ad1e4fc0f8fa6f1, type: 2}
  m_IsPrefabAsset: 0
--- !u!4 &1486680991 stripped
Transform:
  m_CorrespondingSourceObject: {fileID: 4342440674800068, guid: b245c64cd494b2942ad1e4fc0f8fa6f1,
    type: 2}
  m_PrefabInternal: {fileID: 1486680990}
--- !u!1001 &1513058978
Prefab:
  m_ObjectHideFlags: 0
  serializedVersion: 2
  m_Modification:
    m_TransformParent: {fileID: 2025423599}
    m_Modifications:
    - target: {fileID: 4342440674800068, guid: b245c64cd494b2942ad1e4fc0f8fa6f1, type: 2}
      propertyPath: m_LocalPosition.x
      value: -2
      objectReference: {fileID: 0}
    - target: {fileID: 4342440674800068, guid: b245c64cd494b2942ad1e4fc0f8fa6f1, type: 2}
      propertyPath: m_LocalPosition.y
      value: 2.0907
      objectReference: {fileID: 0}
    - target: {fileID: 4342440674800068, guid: b245c64cd494b2942ad1e4fc0f8fa6f1, type: 2}
      propertyPath: m_LocalPosition.z
      value: 0
      objectReference: {fileID: 0}
    - target: {fileID: 4342440674800068, guid: b245c64cd494b2942ad1e4fc0f8fa6f1, type: 2}
      propertyPath: m_LocalRotation.x
      value: -0
      objectReference: {fileID: 0}
    - target: {fileID: 4342440674800068, guid: b245c64cd494b2942ad1e4fc0f8fa6f1, type: 2}
      propertyPath: m_LocalRotation.y
      value: -0
      objectReference: {fileID: 0}
    - target: {fileID: 4342440674800068, guid: b245c64cd494b2942ad1e4fc0f8fa6f1, type: 2}
      propertyPath: m_LocalRotation.z
      value: -0
      objectReference: {fileID: 0}
    - target: {fileID: 4342440674800068, guid: b245c64cd494b2942ad1e4fc0f8fa6f1, type: 2}
      propertyPath: m_LocalRotation.w
      value: 1
      objectReference: {fileID: 0}
    - target: {fileID: 4342440674800068, guid: b245c64cd494b2942ad1e4fc0f8fa6f1, type: 2}
      propertyPath: m_RootOrder
      value: 7
      objectReference: {fileID: 0}
    - target: {fileID: 1733241763292932, guid: b245c64cd494b2942ad1e4fc0f8fa6f1, type: 2}
      propertyPath: m_Name
      value: Block (7)
      objectReference: {fileID: 0}
    m_RemovedComponents: []
  m_SourcePrefab: {fileID: 100100000, guid: b245c64cd494b2942ad1e4fc0f8fa6f1, type: 2}
  m_IsPrefabAsset: 0
--- !u!4 &1513058979 stripped
Transform:
  m_CorrespondingSourceObject: {fileID: 4342440674800068, guid: b245c64cd494b2942ad1e4fc0f8fa6f1,
    type: 2}
  m_PrefabInternal: {fileID: 1513058978}
--- !u!1001 &1534791848
Prefab:
  m_ObjectHideFlags: 0
  serializedVersion: 2
  m_Modification:
    m_TransformParent: {fileID: 2025423599}
    m_Modifications:
    - target: {fileID: 4342440674800068, guid: b245c64cd494b2942ad1e4fc0f8fa6f1, type: 2}
      propertyPath: m_LocalPosition.x
      value: 0
      objectReference: {fileID: 0}
    - target: {fileID: 4342440674800068, guid: b245c64cd494b2942ad1e4fc0f8fa6f1, type: 2}
      propertyPath: m_LocalPosition.y
      value: 2.0907
      objectReference: {fileID: 0}
    - target: {fileID: 4342440674800068, guid: b245c64cd494b2942ad1e4fc0f8fa6f1, type: 2}
      propertyPath: m_LocalPosition.z
      value: 0
      objectReference: {fileID: 0}
    - target: {fileID: 4342440674800068, guid: b245c64cd494b2942ad1e4fc0f8fa6f1, type: 2}
      propertyPath: m_LocalRotation.x
      value: -0
      objectReference: {fileID: 0}
    - target: {fileID: 4342440674800068, guid: b245c64cd494b2942ad1e4fc0f8fa6f1, type: 2}
      propertyPath: m_LocalRotation.y
      value: -0
      objectReference: {fileID: 0}
    - target: {fileID: 4342440674800068, guid: b245c64cd494b2942ad1e4fc0f8fa6f1, type: 2}
      propertyPath: m_LocalRotation.z
      value: -0
      objectReference: {fileID: 0}
    - target: {fileID: 4342440674800068, guid: b245c64cd494b2942ad1e4fc0f8fa6f1, type: 2}
      propertyPath: m_LocalRotation.w
      value: 1
      objectReference: {fileID: 0}
    - target: {fileID: 4342440674800068, guid: b245c64cd494b2942ad1e4fc0f8fa6f1, type: 2}
      propertyPath: m_RootOrder
      value: 8
      objectReference: {fileID: 0}
    - target: {fileID: 1733241763292932, guid: b245c64cd494b2942ad1e4fc0f8fa6f1, type: 2}
      propertyPath: m_Name
      value: Block (8)
      objectReference: {fileID: 0}
    m_RemovedComponents: []
  m_SourcePrefab: {fileID: 100100000, guid: b245c64cd494b2942ad1e4fc0f8fa6f1, type: 2}
  m_IsPrefabAsset: 0
--- !u!4 &1534791849 stripped
Transform:
  m_CorrespondingSourceObject: {fileID: 4342440674800068, guid: b245c64cd494b2942ad1e4fc0f8fa6f1,
    type: 2}
  m_PrefabInternal: {fileID: 1534791848}
--- !u!1001 &1763844514
Prefab:
  m_ObjectHideFlags: 0
  serializedVersion: 2
  m_Modification:
    m_TransformParent: {fileID: 0}
    m_Modifications:
    - target: {fileID: 4103640681549020, guid: 4bd2268b58d8c3d49b2325010e96eed4, type: 2}
      propertyPath: m_LocalPosition.x
      value: 4.762
      objectReference: {fileID: 0}
    - target: {fileID: 4103640681549020, guid: 4bd2268b58d8c3d49b2325010e96eed4, type: 2}
      propertyPath: m_LocalPosition.y
      value: 0.27
      objectReference: {fileID: 0}
    - target: {fileID: 4103640681549020, guid: 4bd2268b58d8c3d49b2325010e96eed4, type: 2}
      propertyPath: m_LocalPosition.z
      value: 0
      objectReference: {fileID: 0}
    - target: {fileID: 4103640681549020, guid: 4bd2268b58d8c3d49b2325010e96eed4, type: 2}
      propertyPath: m_LocalRotation.x
      value: 0
      objectReference: {fileID: 0}
    - target: {fileID: 4103640681549020, guid: 4bd2268b58d8c3d49b2325010e96eed4, type: 2}
      propertyPath: m_LocalRotation.y
      value: 0
      objectReference: {fileID: 0}
    - target: {fileID: 4103640681549020, guid: 4bd2268b58d8c3d49b2325010e96eed4, type: 2}
      propertyPath: m_LocalRotation.z
      value: 0
      objectReference: {fileID: 0}
    - target: {fileID: 4103640681549020, guid: 4bd2268b58d8c3d49b2325010e96eed4, type: 2}
      propertyPath: m_LocalRotation.w
      value: 1
      objectReference: {fileID: 0}
    - target: {fileID: 4103640681549020, guid: 4bd2268b58d8c3d49b2325010e96eed4, type: 2}
      propertyPath: m_RootOrder
      value: 3
      objectReference: {fileID: 0}
    m_RemovedComponents: []
  m_SourcePrefab: {fileID: 100100000, guid: 4bd2268b58d8c3d49b2325010e96eed4, type: 2}
  m_IsPrefabAsset: 0
--- !u!1001 &1950570463
Prefab:
  m_ObjectHideFlags: 0
  serializedVersion: 2
  m_Modification:
    m_TransformParent: {fileID: 2025423599}
    m_Modifications:
    - target: {fileID: 4342440674800068, guid: b245c64cd494b2942ad1e4fc0f8fa6f1, type: 2}
      propertyPath: m_LocalPosition.x
      value: 1
      objectReference: {fileID: 0}
    - target: {fileID: 4342440674800068, guid: b245c64cd494b2942ad1e4fc0f8fa6f1, type: 2}
      propertyPath: m_LocalPosition.y
      value: 1.0907
      objectReference: {fileID: 0}
    - target: {fileID: 4342440674800068, guid: b245c64cd494b2942ad1e4fc0f8fa6f1, type: 2}
      propertyPath: m_LocalPosition.z
      value: 0
      objectReference: {fileID: 0}
    - target: {fileID: 4342440674800068, guid: b245c64cd494b2942ad1e4fc0f8fa6f1, type: 2}
      propertyPath: m_LocalRotation.x
      value: -0
      objectReference: {fileID: 0}
    - target: {fileID: 4342440674800068, guid: b245c64cd494b2942ad1e4fc0f8fa6f1, type: 2}
      propertyPath: m_LocalRotation.y
      value: -0
      objectReference: {fileID: 0}
    - target: {fileID: 4342440674800068, guid: b245c64cd494b2942ad1e4fc0f8fa6f1, type: 2}
      propertyPath: m_LocalRotation.z
      value: -0
      objectReference: {fileID: 0}
    - target: {fileID: 4342440674800068, guid: b245c64cd494b2942ad1e4fc0f8fa6f1, type: 2}
      propertyPath: m_LocalRotation.w
      value: 1
      objectReference: {fileID: 0}
    - target: {fileID: 4342440674800068, guid: b245c64cd494b2942ad1e4fc0f8fa6f1, type: 2}
      propertyPath: m_RootOrder
      value: 0
      objectReference: {fileID: 0}
    m_RemovedComponents: []
  m_SourcePrefab: {fileID: 100100000, guid: b245c64cd494b2942ad1e4fc0f8fa6f1, type: 2}
  m_IsPrefabAsset: 0
--- !u!4 &1950570464 stripped
Transform:
  m_CorrespondingSourceObject: {fileID: 4342440674800068, guid: b245c64cd494b2942ad1e4fc0f8fa6f1,
    type: 2}
  m_PrefabInternal: {fileID: 1950570463}
--- !u!1 &2025423598
GameObject:
  m_ObjectHideFlags: 0
  m_CorrespondingSourceObject: {fileID: 0}
  m_PrefabInternal: {fileID: 0}
  serializedVersion: 6
  m_Component:
  - component: {fileID: 2025423599}
  m_Layer: 0
  m_Name: Blocks
  m_TagString: Untagged
  m_Icon: {fileID: 0}
  m_NavMeshLayer: 0
  m_StaticEditorFlags: 0
  m_IsActive: 1
--- !u!4 &2025423599
Transform:
  m_ObjectHideFlags: 0
  m_CorrespondingSourceObject: {fileID: 0}
  m_PrefabInternal: {fileID: 0}
  m_GameObject: {fileID: 2025423598}
  m_LocalRotation: {x: 0, y: 0, z: 0, w: 1}
  m_LocalPosition: {x: 6.746, y: 5.6353, z: 0}
  m_LocalScale: {x: 1, y: 1, z: 1}
  m_Children:
  - {fileID: 1950570464}
  - {fileID: 826068941}
  - {fileID: 524703153}
  - {fileID: 1486680991}
  - {fileID: 2030511231}
  - {fileID: 2063238618}
  - {fileID: 761092110}
  - {fileID: 1513058979}
  - {fileID: 1534791849}
  m_Father: {fileID: 0}
  m_RootOrder: 5
  m_LocalEulerAnglesHint: {x: 0, y: 0, z: 0}
--- !u!1001 &2030511230
Prefab:
  m_ObjectHideFlags: 0
  serializedVersion: 2
  m_Modification:
    m_TransformParent: {fileID: 2025423599}
    m_Modifications:
    - target: {fileID: 4342440674800068, guid: b245c64cd494b2942ad1e4fc0f8fa6f1, type: 2}
      propertyPath: m_LocalPosition.x
      value: -1
      objectReference: {fileID: 0}
    - target: {fileID: 4342440674800068, guid: b245c64cd494b2942ad1e4fc0f8fa6f1, type: 2}
      propertyPath: m_LocalPosition.y
      value: 1.0906997
      objectReference: {fileID: 0}
    - target: {fileID: 4342440674800068, guid: b245c64cd494b2942ad1e4fc0f8fa6f1, type: 2}
      propertyPath: m_LocalPosition.z
      value: 0
      objectReference: {fileID: 0}
    - target: {fileID: 4342440674800068, guid: b245c64cd494b2942ad1e4fc0f8fa6f1, type: 2}
      propertyPath: m_LocalRotation.x
      value: -0
      objectReference: {fileID: 0}
    - target: {fileID: 4342440674800068, guid: b245c64cd494b2942ad1e4fc0f8fa6f1, type: 2}
      propertyPath: m_LocalRotation.y
      value: -0
      objectReference: {fileID: 0}
    - target: {fileID: 4342440674800068, guid: b245c64cd494b2942ad1e4fc0f8fa6f1, type: 2}
      propertyPath: m_LocalRotation.z
      value: -0
      objectReference: {fileID: 0}
    - target: {fileID: 4342440674800068, guid: b245c64cd494b2942ad1e4fc0f8fa6f1, type: 2}
      propertyPath: m_LocalRotation.w
      value: 1
      objectReference: {fileID: 0}
    - target: {fileID: 4342440674800068, guid: b245c64cd494b2942ad1e4fc0f8fa6f1, type: 2}
      propertyPath: m_RootOrder
      value: 4
      objectReference: {fileID: 0}
    - target: {fileID: 1733241763292932, guid: b245c64cd494b2942ad1e4fc0f8fa6f1, type: 2}
      propertyPath: m_Name
      value: Block (4)
      objectReference: {fileID: 0}
    m_RemovedComponents: []
  m_SourcePrefab: {fileID: 100100000, guid: b245c64cd494b2942ad1e4fc0f8fa6f1, type: 2}
  m_IsPrefabAsset: 0
--- !u!4 &2030511231 stripped
Transform:
  m_CorrespondingSourceObject: {fileID: 4342440674800068, guid: b245c64cd494b2942ad1e4fc0f8fa6f1,
    type: 2}
  m_PrefabInternal: {fileID: 2030511230}
--- !u!1001 &2063238617
Prefab:
  m_ObjectHideFlags: 0
  serializedVersion: 2
  m_Modification:
    m_TransformParent: {fileID: 2025423599}
    m_Modifications:
    - target: {fileID: 4342440674800068, guid: b245c64cd494b2942ad1e4fc0f8fa6f1, type: 2}
      propertyPath: m_LocalPosition.x
      value: -2
      objectReference: {fileID: 0}
    - target: {fileID: 4342440674800068, guid: b245c64cd494b2942ad1e4fc0f8fa6f1, type: 2}
      propertyPath: m_LocalPosition.y
      value: 1.0906997
      objectReference: {fileID: 0}
    - target: {fileID: 4342440674800068, guid: b245c64cd494b2942ad1e4fc0f8fa6f1, type: 2}
      propertyPath: m_LocalPosition.z
      value: 0
      objectReference: {fileID: 0}
    - target: {fileID: 4342440674800068, guid: b245c64cd494b2942ad1e4fc0f8fa6f1, type: 2}
      propertyPath: m_LocalRotation.x
      value: -0
      objectReference: {fileID: 0}
    - target: {fileID: 4342440674800068, guid: b245c64cd494b2942ad1e4fc0f8fa6f1, type: 2}
      propertyPath: m_LocalRotation.y
      value: -0
      objectReference: {fileID: 0}
    - target: {fileID: 4342440674800068, guid: b245c64cd494b2942ad1e4fc0f8fa6f1, type: 2}
      propertyPath: m_LocalRotation.z
      value: -0
      objectReference: {fileID: 0}
    - target: {fileID: 4342440674800068, guid: b245c64cd494b2942ad1e4fc0f8fa6f1, type: 2}
      propertyPath: m_LocalRotation.w
      value: 1
      objectReference: {fileID: 0}
    - target: {fileID: 4342440674800068, guid: b245c64cd494b2942ad1e4fc0f8fa6f1, type: 2}
      propertyPath: m_RootOrder
      value: 5
      objectReference: {fileID: 0}
    - target: {fileID: 1733241763292932, guid: b245c64cd494b2942ad1e4fc0f8fa6f1, type: 2}
      propertyPath: m_Name
      value: Block (5)
      objectReference: {fileID: 0}
    m_RemovedComponents: []
  m_SourcePrefab: {fileID: 100100000, guid: b245c64cd494b2942ad1e4fc0f8fa6f1, type: 2}
  m_IsPrefabAsset: 0
--- !u!4 &2063238618 stripped
Transform:
  m_CorrespondingSourceObject: {fileID: 4342440674800068, guid: b245c64cd494b2942ad1e4fc0f8fa6f1,
    type: 2}
  m_PrefabInternal: {fileID: 2063238617}
