%YAML 1.1
%TAG !u! tag:unity3d.com,2011:
--- !u!29 &1
OcclusionCullingSettings:
  m_ObjectHideFlags: 0
  serializedVersion: 2
  m_OcclusionBakeSettings:
    smallestOccluder: 5
    smallestHole: 0.25
    backfaceThreshold: 100
  m_SceneGUID: 00000000000000000000000000000000
  m_OcclusionCullingData: {fileID: 0}
--- !u!104 &2
RenderSettings:
  m_ObjectHideFlags: 0
  serializedVersion: 9
  m_Fog: 0
  m_FogColor: {r: 0.5, g: 0.5, b: 0.5, a: 1}
  m_FogMode: 3
  m_FogDensity: 0.01
  m_LinearFogStart: 0
  m_LinearFogEnd: 300
  m_AmbientSkyColor: {r: 0.212, g: 0.227, b: 0.259, a: 1}
  m_AmbientEquatorColor: {r: 0.114, g: 0.125, b: 0.133, a: 1}
  m_AmbientGroundColor: {r: 0.047, g: 0.043, b: 0.035, a: 1}
  m_AmbientIntensity: 1
  m_AmbientMode: 3
  m_SubtractiveShadowColor: {r: 0.42, g: 0.478, b: 0.627, a: 1}
  m_SkyboxMaterial: {fileID: 0}
  m_HaloStrength: 0.5
  m_FlareStrength: 1
  m_FlareFadeSpeed: 3
  m_HaloTexture: {fileID: 0}
  m_SpotCookie: {fileID: 10001, guid: 0000000000000000e000000000000000, type: 0}
  m_DefaultReflectionMode: 0
  m_DefaultReflectionResolution: 128
  m_ReflectionBounces: 1
  m_ReflectionIntensity: 1
  m_CustomReflection: {fileID: 0}
  m_Sun: {fileID: 0}
  m_IndirectSpecularColor: {r: 0, g: 0, b: 0, a: 1}
  m_UseRadianceAmbientProbe: 0
--- !u!157 &3
LightmapSettings:
  m_ObjectHideFlags: 0
  serializedVersion: 11
  m_GIWorkflowMode: 1
  m_GISettings:
    serializedVersion: 2
    m_BounceScale: 1
    m_IndirectOutputScale: 1
    m_AlbedoBoost: 1
    m_TemporalCoherenceThreshold: 1
    m_EnvironmentLightingMode: 0
    m_EnableBakedLightmaps: 0
    m_EnableRealtimeLightmaps: 0
  m_LightmapEditorSettings:
    serializedVersion: 10
    m_Resolution: 2
    m_BakeResolution: 40
    m_AtlasSize: 1024
    m_AO: 0
    m_AOMaxDistance: 1
    m_CompAOExponent: 1
    m_CompAOExponentDirect: 0
    m_Padding: 2
    m_LightmapParameters: {fileID: 0}
    m_LightmapsBakeMode: 1
    m_TextureCompression: 1
    m_FinalGather: 0
    m_FinalGatherFiltering: 1
    m_FinalGatherRayCount: 256
    m_ReflectionCompression: 2
    m_MixedBakeMode: 2
    m_BakeBackend: 1
    m_PVRSampling: 1
    m_PVRDirectSampleCount: 32
    m_PVRSampleCount: 500
    m_PVRBounces: 2
    m_PVRFilterTypeDirect: 0
    m_PVRFilterTypeIndirect: 0
    m_PVRFilterTypeAO: 0
    m_PVRFilteringMode: 1
    m_PVRCulling: 1
    m_PVRFilteringGaussRadiusDirect: 1
    m_PVRFilteringGaussRadiusIndirect: 5
    m_PVRFilteringGaussRadiusAO: 2
    m_PVRFilteringAtrousPositionSigmaDirect: 0.5
    m_PVRFilteringAtrousPositionSigmaIndirect: 2
    m_PVRFilteringAtrousPositionSigmaAO: 1
    m_ShowResolutionOverlay: 1
  m_LightingDataAsset: {fileID: 0}
  m_UseShadowmask: 1
--- !u!196 &4
NavMeshSettings:
  serializedVersion: 2
  m_ObjectHideFlags: 0
  m_BuildSettings:
    serializedVersion: 2
    agentTypeID: 0
    agentRadius: 0.5
    agentHeight: 2
    agentSlope: 45
    agentClimb: 0.4
    ledgeDropHeight: 0
    maxJumpAcrossDistance: 0
    minRegionArea: 2
    manualCellSize: 0
    cellSize: 0.16666667
    manualTileSize: 0
    tileSize: 256
    accuratePlacement: 0
    debug:
      m_Flags: 0
  m_NavMeshData: {fileID: 0}
--- !u!114 &86546455 stripped
MonoBehaviour:
  m_CorrespondingSourceObject: {fileID: 114367244037212068, guid: 4bd2268b58d8c3d49b2325010e96eed4,
    type: 2}
  m_PrefabInternal: {fileID: 1129079620}
  m_Script: {fileID: 11500000, guid: 7fdb971b9d5c8124dbf3d340b4efa944, type: 3}
--- !u!1001 &97266679
Prefab:
  m_ObjectHideFlags: 0
  serializedVersion: 2
  m_Modification:
    m_TransformParent: {fileID: 496945396}
    m_Modifications:
    - target: {fileID: 4342440674800068, guid: 659164e148a980740a161ce9c7760e02, type: 2}
      propertyPath: m_LocalPosition.x
      value: 3.37
      objectReference: {fileID: 0}
    - target: {fileID: 4342440674800068, guid: 659164e148a980740a161ce9c7760e02, type: 2}
      propertyPath: m_LocalPosition.y
      value: 5.157789
      objectReference: {fileID: 0}
    - target: {fileID: 4342440674800068, guid: 659164e148a980740a161ce9c7760e02, type: 2}
      propertyPath: m_LocalPosition.z
      value: 0
      objectReference: {fileID: 0}
    - target: {fileID: 4342440674800068, guid: 659164e148a980740a161ce9c7760e02, type: 2}
      propertyPath: m_LocalRotation.x
      value: -0
      objectReference: {fileID: 0}
    - target: {fileID: 4342440674800068, guid: 659164e148a980740a161ce9c7760e02, type: 2}
      propertyPath: m_LocalRotation.y
      value: -0
      objectReference: {fileID: 0}
    - target: {fileID: 4342440674800068, guid: 659164e148a980740a161ce9c7760e02, type: 2}
      propertyPath: m_LocalRotation.z
      value: -0
      objectReference: {fileID: 0}
    - target: {fileID: 4342440674800068, guid: 659164e148a980740a161ce9c7760e02, type: 2}
      propertyPath: m_LocalRotation.w
      value: 1
      objectReference: {fileID: 0}
    - target: {fileID: 4342440674800068, guid: 659164e148a980740a161ce9c7760e02, type: 2}
      propertyPath: m_RootOrder
      value: 7
      objectReference: {fileID: 0}
    - target: {fileID: 1733241763292932, guid: 659164e148a980740a161ce9c7760e02, type: 2}
      propertyPath: m_Name
      value: UnbreakableBlock (2)
      objectReference: {fileID: 0}
    m_RemovedComponents: []
  m_SourcePrefab: {fileID: 100100000, guid: 659164e148a980740a161ce9c7760e02, type: 2}
  m_IsPrefabAsset: 0
--- !u!4 &97266680 stripped
Transform:
  m_CorrespondingSourceObject: {fileID: 4342440674800068, guid: 659164e148a980740a161ce9c7760e02,
    type: 2}
  m_PrefabInternal: {fileID: 97266679}
--- !u!1001 &212089004
Prefab:
  m_ObjectHideFlags: 0
  serializedVersion: 2
  m_Modification:
    m_TransformParent: {fileID: 0}
    m_Modifications:
    - target: {fileID: 4342440674800068, guid: b708688a167f33b4d9a18aaeddf0f564, type: 2}
      propertyPath: m_LocalPosition.x
      value: 11.734573
      objectReference: {fileID: 0}
    - target: {fileID: 4342440674800068, guid: b708688a167f33b4d9a18aaeddf0f564, type: 2}
      propertyPath: m_LocalPosition.y
      value: 7.829393
      objectReference: {fileID: 0}
    - target: {fileID: 4342440674800068, guid: b708688a167f33b4d9a18aaeddf0f564, type: 2}
      propertyPath: m_LocalPosition.z
      value: 0
      objectReference: {fileID: 0}
    - target: {fileID: 4342440674800068, guid: b708688a167f33b4d9a18aaeddf0f564, type: 2}
      propertyPath: m_LocalRotation.x
      value: -0
      objectReference: {fileID: 0}
    - target: {fileID: 4342440674800068, guid: b708688a167f33b4d9a18aaeddf0f564, type: 2}
      propertyPath: m_LocalRotation.y
      value: -0
      objectReference: {fileID: 0}
    - target: {fileID: 4342440674800068, guid: b708688a167f33b4d9a18aaeddf0f564, type: 2}
      propertyPath: m_LocalRotation.z
      value: -0
      objectReference: {fileID: 0}
    - target: {fileID: 4342440674800068, guid: b708688a167f33b4d9a18aaeddf0f564, type: 2}
      propertyPath: m_LocalRotation.w
      value: 1
      objectReference: {fileID: 0}
    - target: {fileID: 4342440674800068, guid: b708688a167f33b4d9a18aaeddf0f564, type: 2}
      propertyPath: m_RootOrder
      value: 1
      objectReference: {fileID: 0}
    - target: {fileID: 1733241763292932, guid: b708688a167f33b4d9a18aaeddf0f564, type: 2}
      propertyPath: m_Name
      value: BreakableBlock2Hits 1 (1)
      objectReference: {fileID: 0}
    m_RemovedComponents: []
  m_SourcePrefab: {fileID: 100100000, guid: b708688a167f33b4d9a18aaeddf0f564, type: 2}
  m_IsPrefabAsset: 0
--- !u!1001 &232123647
Prefab:
  m_ObjectHideFlags: 0
  serializedVersion: 2
  m_Modification:
    m_TransformParent: {fileID: 496945396}
    m_Modifications:
    - target: {fileID: 4342440674800068, guid: b245c64cd494b2942ad1e4fc0f8fa6f1, type: 2}
      propertyPath: m_LocalPosition.x
      value: 4.754
      objectReference: {fileID: 0}
    - target: {fileID: 4342440674800068, guid: b245c64cd494b2942ad1e4fc0f8fa6f1, type: 2}
      propertyPath: m_LocalPosition.y
      value: 6.726
      objectReference: {fileID: 0}
    - target: {fileID: 4342440674800068, guid: b245c64cd494b2942ad1e4fc0f8fa6f1, type: 2}
      propertyPath: m_LocalPosition.z
      value: 0
      objectReference: {fileID: 0}
    - target: {fileID: 4342440674800068, guid: b245c64cd494b2942ad1e4fc0f8fa6f1, type: 2}
      propertyPath: m_LocalRotation.x
      value: -0
      objectReference: {fileID: 0}
    - target: {fileID: 4342440674800068, guid: b245c64cd494b2942ad1e4fc0f8fa6f1, type: 2}
      propertyPath: m_LocalRotation.y
      value: -0
      objectReference: {fileID: 0}
    - target: {fileID: 4342440674800068, guid: b245c64cd494b2942ad1e4fc0f8fa6f1, type: 2}
      propertyPath: m_LocalRotation.z
      value: -0
      objectReference: {fileID: 0}
    - target: {fileID: 4342440674800068, guid: b245c64cd494b2942ad1e4fc0f8fa6f1, type: 2}
      propertyPath: m_LocalRotation.w
      value: 1
      objectReference: {fileID: 0}
    - target: {fileID: 4342440674800068, guid: b245c64cd494b2942ad1e4fc0f8fa6f1, type: 2}
      propertyPath: m_RootOrder
      value: 4
      objectReference: {fileID: 0}
    - target: {fileID: 212433486084718144, guid: b245c64cd494b2942ad1e4fc0f8fa6f1,
        type: 2}
      propertyPath: m_Color.r
      value: 0.16345215
      objectReference: {fileID: 0}
    - target: {fileID: 212433486084718144, guid: b245c64cd494b2942ad1e4fc0f8fa6f1,
        type: 2}
      propertyPath: m_Color.g
      value: 0.85882354
      objectReference: {fileID: 0}
    - target: {fileID: 212433486084718144, guid: b245c64cd494b2942ad1e4fc0f8fa6f1,
        type: 2}
      propertyPath: m_Color.b
      value: 0.09411765
      objectReference: {fileID: 0}
    - target: {fileID: 1733241763292932, guid: b245c64cd494b2942ad1e4fc0f8fa6f1, type: 2}
      propertyPath: m_Name
      value: Block (4)
      objectReference: {fileID: 0}
    m_RemovedComponents: []
  m_SourcePrefab: {fileID: 100100000, guid: b245c64cd494b2942ad1e4fc0f8fa6f1, type: 2}
  m_IsPrefabAsset: 0
--- !u!1001 &380520257
Prefab:
  m_ObjectHideFlags: 0
  serializedVersion: 2
  m_Modification:
    m_TransformParent: {fileID: 496945396}
    m_Modifications:
    - target: {fileID: 4342440674800068, guid: 659164e148a980740a161ce9c7760e02, type: 2}
      propertyPath: m_LocalPosition.x
      value: 2.39
      objectReference: {fileID: 0}
    - target: {fileID: 4342440674800068, guid: 659164e148a980740a161ce9c7760e02, type: 2}
      propertyPath: m_LocalPosition.y
      value: 5.157789
      objectReference: {fileID: 0}
    - target: {fileID: 4342440674800068, guid: 659164e148a980740a161ce9c7760e02, type: 2}
      propertyPath: m_LocalPosition.z
      value: 0
      objectReference: {fileID: 0}
    - target: {fileID: 4342440674800068, guid: 659164e148a980740a161ce9c7760e02, type: 2}
      propertyPath: m_LocalRotation.x
      value: -0
      objectReference: {fileID: 0}
    - target: {fileID: 4342440674800068, guid: 659164e148a980740a161ce9c7760e02, type: 2}
      propertyPath: m_LocalRotation.y
      value: -0
      objectReference: {fileID: 0}
    - target: {fileID: 4342440674800068, guid: 659164e148a980740a161ce9c7760e02, type: 2}
      propertyPath: m_LocalRotation.z
      value: -0
      objectReference: {fileID: 0}
    - target: {fileID: 4342440674800068, guid: 659164e148a980740a161ce9c7760e02, type: 2}
      propertyPath: m_LocalRotation.w
      value: 1
      objectReference: {fileID: 0}
    - target: {fileID: 4342440674800068, guid: 659164e148a980740a161ce9c7760e02, type: 2}
      propertyPath: m_RootOrder
      value: 6
      objectReference: {fileID: 0}
    - target: {fileID: 1733241763292932, guid: 659164e148a980740a161ce9c7760e02, type: 2}
      propertyPath: m_Name
      value: UnbreakableBlock (1)
      objectReference: {fileID: 0}
    m_RemovedComponents: []
  m_SourcePrefab: {fileID: 100100000, guid: 659164e148a980740a161ce9c7760e02, type: 2}
  m_IsPrefabAsset: 0
--- !u!4 &380520258 stripped
Transform:
  m_CorrespondingSourceObject: {fileID: 4342440674800068, guid: 659164e148a980740a161ce9c7760e02,
    type: 2}
  m_PrefabInternal: {fileID: 380520257}
--- !u!1 &496945395
GameObject:
  m_ObjectHideFlags: 0
  m_CorrespondingSourceObject: {fileID: 0}
  m_PrefabInternal: {fileID: 0}
  serializedVersion: 6
  m_Component:
  - component: {fileID: 496945396}
  m_Layer: 0
  m_Name: Blocks
  m_TagString: Untagged
  m_Icon: {fileID: 0}
  m_NavMeshLayer: 0
  m_StaticEditorFlags: 0
  m_IsActive: 1
--- !u!4 &496945396
Transform:
  m_ObjectHideFlags: 0
  m_CorrespondingSourceObject: {fileID: 0}
  m_PrefabInternal: {fileID: 0}
  m_GameObject: {fileID: 496945395}
  m_LocalRotation: {x: 0, y: 0, z: 0, w: 1}
  m_LocalPosition: {x: 0, y: 0, z: 0}
  m_LocalScale: {x: 1, y: 1, z: 1}
  m_Children:
  - {fileID: 1596377127}
  - {fileID: 1993411364}
  - {fileID: 1502508849}
  - {fileID: 715978193}
  - {fileID: 1083774352}
  - {fileID: 1932660598}
  - {fileID: 380520258}
  - {fileID: 97266680}
  - {fileID: 928825025}
  - {fileID: 2019799875}
  m_Father: {fileID: 0}
  m_RootOrder: 11
  m_LocalEulerAnglesHint: {x: 0, y: 0, z: 0}
--- !u!1001 &527120112
Prefab:
  m_ObjectHideFlags: 0
  serializedVersion: 2
  m_Modification:
    m_TransformParent: {fileID: 496945396}
    m_Modifications:
    - target: {fileID: 4342440674800068, guid: b245c64cd494b2942ad1e4fc0f8fa6f1, type: 2}
      propertyPath: m_LocalPosition.x
      value: 5.746
      objectReference: {fileID: 0}
    - target: {fileID: 4342440674800068, guid: b245c64cd494b2942ad1e4fc0f8fa6f1, type: 2}
      propertyPath: m_LocalPosition.y
      value: 6.726
      objectReference: {fileID: 0}
    - target: {fileID: 4342440674800068, guid: b245c64cd494b2942ad1e4fc0f8fa6f1, type: 2}
      propertyPath: m_LocalPosition.z
      value: 0
      objectReference: {fileID: 0}
    - target: {fileID: 4342440674800068, guid: b245c64cd494b2942ad1e4fc0f8fa6f1, type: 2}
      propertyPath: m_LocalRotation.x
      value: -0
      objectReference: {fileID: 0}
    - target: {fileID: 4342440674800068, guid: b245c64cd494b2942ad1e4fc0f8fa6f1, type: 2}
      propertyPath: m_LocalRotation.y
      value: -0
      objectReference: {fileID: 0}
    - target: {fileID: 4342440674800068, guid: b245c64cd494b2942ad1e4fc0f8fa6f1, type: 2}
      propertyPath: m_LocalRotation.z
      value: -0
      objectReference: {fileID: 0}
    - target: {fileID: 4342440674800068, guid: b245c64cd494b2942ad1e4fc0f8fa6f1, type: 2}
      propertyPath: m_LocalRotation.w
      value: 1
      objectReference: {fileID: 0}
    - target: {fileID: 4342440674800068, guid: b245c64cd494b2942ad1e4fc0f8fa6f1, type: 2}
      propertyPath: m_RootOrder
      value: 0
      objectReference: {fileID: 0}
    - target: {fileID: 212433486084718144, guid: b245c64cd494b2942ad1e4fc0f8fa6f1,
        type: 2}
      propertyPath: m_Color.r
      value: 0.16345215
      objectReference: {fileID: 0}
    - target: {fileID: 212433486084718144, guid: b245c64cd494b2942ad1e4fc0f8fa6f1,
        type: 2}
      propertyPath: m_Color.g
      value: 0.85882354
      objectReference: {fileID: 0}
    - target: {fileID: 212433486084718144, guid: b245c64cd494b2942ad1e4fc0f8fa6f1,
        type: 2}
      propertyPath: m_Color.b
      value: 0.09411765
      objectReference: {fileID: 0}
    m_RemovedComponents: []
  m_SourcePrefab: {fileID: 100100000, guid: b245c64cd494b2942ad1e4fc0f8fa6f1, type: 2}
  m_IsPrefabAsset: 0
--- !u!1001 &646703420
Prefab:
  m_ObjectHideFlags: 0
  serializedVersion: 2
  m_Modification:
    m_TransformParent: {fileID: 0}
    m_Modifications:
    - target: {fileID: 4869920224331368, guid: 558d41f361d1c604e9409ba671fb700a, type: 2}
      propertyPath: m_LocalPosition.x
      value: 0
      objectReference: {fileID: 0}
    - target: {fileID: 4869920224331368, guid: 558d41f361d1c604e9409ba671fb700a, type: 2}
      propertyPath: m_LocalPosition.y
      value: 0
      objectReference: {fileID: 0}
    - target: {fileID: 4869920224331368, guid: 558d41f361d1c604e9409ba671fb700a, type: 2}
      propertyPath: m_LocalPosition.z
      value: 0
      objectReference: {fileID: 0}
    - target: {fileID: 4869920224331368, guid: 558d41f361d1c604e9409ba671fb700a, type: 2}
      propertyPath: m_LocalRotation.x
      value: 0
      objectReference: {fileID: 0}
    - target: {fileID: 4869920224331368, guid: 558d41f361d1c604e9409ba671fb700a, type: 2}
      propertyPath: m_LocalRotation.y
      value: 0
      objectReference: {fileID: 0}
    - target: {fileID: 4869920224331368, guid: 558d41f361d1c604e9409ba671fb700a, type: 2}
      propertyPath: m_LocalRotation.z
      value: 0
      objectReference: {fileID: 0}
    - target: {fileID: 4869920224331368, guid: 558d41f361d1c604e9409ba671fb700a, type: 2}
      propertyPath: m_LocalRotation.w
      value: 1
      objectReference: {fileID: 0}
    - target: {fileID: 4869920224331368, guid: 558d41f361d1c604e9409ba671fb700a, type: 2}
      propertyPath: m_RootOrder
      value: 10
      objectReference: {fileID: 0}
    m_RemovedComponents: []
  m_SourcePrefab: {fileID: 100100000, guid: 558d41f361d1c604e9409ba671fb700a, type: 2}
  m_IsPrefabAsset: 0
--- !u!4 &715978193 stripped
Transform:
  m_CorrespondingSourceObject: {fileID: 4342440674800068, guid: b245c64cd494b2942ad1e4fc0f8fa6f1,
    type: 2}
  m_PrefabInternal: {fileID: 1227128683}
--- !u!1001 &862465904
Prefab:
  m_ObjectHideFlags: 0
  serializedVersion: 2
  m_Modification:
    m_TransformParent: {fileID: 0}
    m_Modifications:
    - target: {fileID: 4296460166266816, guid: 4f6b33251ff7ba641b214dbe95f53f32, type: 2}
      propertyPath: m_LocalPosition.x
      value: 8
      objectReference: {fileID: 0}
    - target: {fileID: 4296460166266816, guid: 4f6b33251ff7ba641b214dbe95f53f32, type: 2}
      propertyPath: m_LocalPosition.y
      value: 6
      objectReference: {fileID: 0}
    - target: {fileID: 4296460166266816, guid: 4f6b33251ff7ba641b214dbe95f53f32, type: 2}
      propertyPath: m_LocalPosition.z
      value: -10
      objectReference: {fileID: 0}
    - target: {fileID: 4296460166266816, guid: 4f6b33251ff7ba641b214dbe95f53f32, type: 2}
      propertyPath: m_LocalRotation.x
      value: 0
      objectReference: {fileID: 0}
    - target: {fileID: 4296460166266816, guid: 4f6b33251ff7ba641b214dbe95f53f32, type: 2}
      propertyPath: m_LocalRotation.y
      value: 0
      objectReference: {fileID: 0}
    - target: {fileID: 4296460166266816, guid: 4f6b33251ff7ba641b214dbe95f53f32, type: 2}
      propertyPath: m_LocalRotation.z
      value: 0
      objectReference: {fileID: 0}
    - target: {fileID: 4296460166266816, guid: 4f6b33251ff7ba641b214dbe95f53f32, type: 2}
      propertyPath: m_LocalRotation.w
      value: 1
      objectReference: {fileID: 0}
    - target: {fileID: 4296460166266816, guid: 4f6b33251ff7ba641b214dbe95f53f32, type: 2}
      propertyPath: m_RootOrder
      value: 9
      objectReference: {fileID: 0}
    - target: {fileID: 114870722457777892, guid: 4f6b33251ff7ba641b214dbe95f53f32,
        type: 2}
      propertyPath: m_havePropertiesChanged
      value: 1
      objectReference: {fileID: 0}
    - target: {fileID: 114870722457777892, guid: 4f6b33251ff7ba641b214dbe95f53f32,
        type: 2}
      propertyPath: m_isInputParsingRequired
      value: 1
      objectReference: {fileID: 0}
    - target: {fileID: 224968852668231440, guid: 4f6b33251ff7ba641b214dbe95f53f32,
        type: 2}
      propertyPath: m_LocalPosition.z
      value: 0
      objectReference: {fileID: 0}
    - target: {fileID: 114486572471376504, guid: 4f6b33251ff7ba641b214dbe95f53f32,
        type: 2}
      propertyPath: isAutoPlayEnabled
      value: 1
      objectReference: {fileID: 0}
    m_RemovedComponents: []
  m_SourcePrefab: {fileID: 100100000, guid: 4f6b33251ff7ba641b214dbe95f53f32, type: 2}
  m_IsPrefabAsset: 0
--- !u!1001 &928825024
Prefab:
  m_ObjectHideFlags: 0
  serializedVersion: 2
  m_Modification:
    m_TransformParent: {fileID: 496945396}
    m_Modifications:
    - target: {fileID: 4342440674800068, guid: 659164e148a980740a161ce9c7760e02, type: 2}
      propertyPath: m_LocalPosition.x
      value: 4.34
      objectReference: {fileID: 0}
    - target: {fileID: 4342440674800068, guid: 659164e148a980740a161ce9c7760e02, type: 2}
      propertyPath: m_LocalPosition.y
      value: 5.16
      objectReference: {fileID: 0}
    - target: {fileID: 4342440674800068, guid: 659164e148a980740a161ce9c7760e02, type: 2}
      propertyPath: m_LocalPosition.z
      value: 0
      objectReference: {fileID: 0}
    - target: {fileID: 4342440674800068, guid: 659164e148a980740a161ce9c7760e02, type: 2}
      propertyPath: m_LocalRotation.x
      value: -0
      objectReference: {fileID: 0}
    - target: {fileID: 4342440674800068, guid: 659164e148a980740a161ce9c7760e02, type: 2}
      propertyPath: m_LocalRotation.y
      value: -0
      objectReference: {fileID: 0}
    - target: {fileID: 4342440674800068, guid: 659164e148a980740a161ce9c7760e02, type: 2}
      propertyPath: m_LocalRotation.z
      value: -0
      objectReference: {fileID: 0}
    - target: {fileID: 4342440674800068, guid: 659164e148a980740a161ce9c7760e02, type: 2}
      propertyPath: m_LocalRotation.w
      value: 1
      objectReference: {fileID: 0}
    - target: {fileID: 4342440674800068, guid: 659164e148a980740a161ce9c7760e02, type: 2}
      propertyPath: m_RootOrder
      value: 8
      objectReference: {fileID: 0}
    - target: {fileID: 1733241763292932, guid: 659164e148a980740a161ce9c7760e02, type: 2}
      propertyPath: m_Name
      value: UnbreakableBlock (3)
      objectReference: {fileID: 0}
    m_RemovedComponents: []
  m_SourcePrefab: {fileID: 100100000, guid: 659164e148a980740a161ce9c7760e02, type: 2}
  m_IsPrefabAsset: 0
--- !u!4 &928825025 stripped
Transform:
  m_CorrespondingSourceObject: {fileID: 4342440674800068, guid: 659164e148a980740a161ce9c7760e02,
    type: 2}
  m_PrefabInternal: {fileID: 928825024}
--- !u!1001 &987260329
Prefab:
  m_ObjectHideFlags: 0
  serializedVersion: 2
  m_Modification:
    m_TransformParent: {fileID: 0}
    m_Modifications:
    - target: {fileID: 4342440674800068, guid: b708688a167f33b4d9a18aaeddf0f564, type: 2}
      propertyPath: m_LocalPosition.x
      value: 10.418369
      objectReference: {fileID: 0}
    - target: {fileID: 4342440674800068, guid: b708688a167f33b4d9a18aaeddf0f564, type: 2}
      propertyPath: m_LocalPosition.y
      value: 7.9143085
      objectReference: {fileID: 0}
    - target: {fileID: 4342440674800068, guid: b708688a167f33b4d9a18aaeddf0f564, type: 2}
      propertyPath: m_LocalPosition.z
      value: 0
      objectReference: {fileID: 0}
    - target: {fileID: 4342440674800068, guid: b708688a167f33b4d9a18aaeddf0f564, type: 2}
      propertyPath: m_LocalRotation.x
      value: -0
      objectReference: {fileID: 0}
    - target: {fileID: 4342440674800068, guid: b708688a167f33b4d9a18aaeddf0f564, type: 2}
      propertyPath: m_LocalRotation.y
      value: -0
      objectReference: {fileID: 0}
    - target: {fileID: 4342440674800068, guid: b708688a167f33b4d9a18aaeddf0f564, type: 2}
      propertyPath: m_LocalRotation.z
      value: -0
      objectReference: {fileID: 0}
    - target: {fileID: 4342440674800068, guid: b708688a167f33b4d9a18aaeddf0f564, type: 2}
      propertyPath: m_LocalRotation.w
      value: 1
      objectReference: {fileID: 0}
    - target: {fileID: 4342440674800068, guid: b708688a167f33b4d9a18aaeddf0f564, type: 2}
      propertyPath: m_RootOrder
      value: 2
      objectReference: {fileID: 0}
    m_RemovedComponents: []
  m_SourcePrefab: {fileID: 100100000, guid: b708688a167f33b4d9a18aaeddf0f564, type: 2}
  m_IsPrefabAsset: 0
--- !u!1001 &1052869625
Prefab:
  m_ObjectHideFlags: 0
  serializedVersion: 2
  m_Modification:
    m_TransformParent: {fileID: 0}
    m_Modifications:
    - target: {fileID: 4640702933842676, guid: 4fadf2dbe488220409d84fea9d9f417b, type: 2}
      propertyPath: m_LocalPosition.x
      value: 8
      objectReference: {fileID: 0}
    - target: {fileID: 4640702933842676, guid: 4fadf2dbe488220409d84fea9d9f417b, type: 2}
      propertyPath: m_LocalPosition.y
      value: 6
      objectReference: {fileID: 0}
    - target: {fileID: 4640702933842676, guid: 4fadf2dbe488220409d84fea9d9f417b, type: 2}
      propertyPath: m_LocalPosition.z
      value: -10
      objectReference: {fileID: 0}
    - target: {fileID: 4640702933842676, guid: 4fadf2dbe488220409d84fea9d9f417b, type: 2}
      propertyPath: m_LocalRotation.x
      value: 0
      objectReference: {fileID: 0}
    - target: {fileID: 4640702933842676, guid: 4fadf2dbe488220409d84fea9d9f417b, type: 2}
      propertyPath: m_LocalRotation.y
      value: 0
      objectReference: {fileID: 0}
    - target: {fileID: 4640702933842676, guid: 4fadf2dbe488220409d84fea9d9f417b, type: 2}
      propertyPath: m_LocalRotation.z
      value: 0
      objectReference: {fileID: 0}
    - target: {fileID: 4640702933842676, guid: 4fadf2dbe488220409d84fea9d9f417b, type: 2}
      propertyPath: m_LocalRotation.w
      value: 1
      objectReference: {fileID: 0}
    - target: {fileID: 4640702933842676, guid: 4fadf2dbe488220409d84fea9d9f417b, type: 2}
      propertyPath: m_RootOrder
      value: 0
      objectReference: {fileID: 0}
    - target: {fileID: 1232800784249482, guid: 4fadf2dbe488220409d84fea9d9f417b, type: 2}
      propertyPath: m_Name
      value: GameCamera
      objectReference: {fileID: 0}
    m_RemovedComponents: []
  m_SourcePrefab: {fileID: 100100000, guid: 4fadf2dbe488220409d84fea9d9f417b, type: 2}
  m_IsPrefabAsset: 0
--- !u!4 &1083774352 stripped
Transform:
  m_CorrespondingSourceObject: {fileID: 4342440674800068, guid: b245c64cd494b2942ad1e4fc0f8fa6f1,
    type: 2}
  m_PrefabInternal: {fileID: 232123647}
--- !u!1001 &1101418211
Prefab:
  m_ObjectHideFlags: 0
  serializedVersion: 2
  m_Modification:
    m_TransformParent: {fileID: 496945396}
    m_Modifications:
    - target: {fileID: 4342440674800068, guid: b245c64cd494b2942ad1e4fc0f8fa6f1, type: 2}
      propertyPath: m_LocalPosition.x
      value: 5.746
      objectReference: {fileID: 0}
    - target: {fileID: 4342440674800068, guid: b245c64cd494b2942ad1e4fc0f8fa6f1, type: 2}
      propertyPath: m_LocalPosition.y
      value: 6.726
      objectReference: {fileID: 0}
    - target: {fileID: 4342440674800068, guid: b245c64cd494b2942ad1e4fc0f8fa6f1, type: 2}
      propertyPath: m_LocalPosition.z
      value: 0
      objectReference: {fileID: 0}
    - target: {fileID: 4342440674800068, guid: b245c64cd494b2942ad1e4fc0f8fa6f1, type: 2}
      propertyPath: m_LocalRotation.x
      value: -0
      objectReference: {fileID: 0}
    - target: {fileID: 4342440674800068, guid: b245c64cd494b2942ad1e4fc0f8fa6f1, type: 2}
      propertyPath: m_LocalRotation.y
      value: -0
      objectReference: {fileID: 0}
    - target: {fileID: 4342440674800068, guid: b245c64cd494b2942ad1e4fc0f8fa6f1, type: 2}
      propertyPath: m_LocalRotation.z
      value: -0
      objectReference: {fileID: 0}
    - target: {fileID: 4342440674800068, guid: b245c64cd494b2942ad1e4fc0f8fa6f1, type: 2}
      propertyPath: m_LocalRotation.w
      value: 1
      objectReference: {fileID: 0}
    - target: {fileID: 4342440674800068, guid: b245c64cd494b2942ad1e4fc0f8fa6f1, type: 2}
      propertyPath: m_RootOrder
      value: 2
      objectReference: {fileID: 0}
    - target: {fileID: 212433486084718144, guid: b245c64cd494b2942ad1e4fc0f8fa6f1,
        type: 2}
      propertyPath: m_Color.r
      value: 0.16345215
      objectReference: {fileID: 0}
    - target: {fileID: 212433486084718144, guid: b245c64cd494b2942ad1e4fc0f8fa6f1,
        type: 2}
      propertyPath: m_Color.g
      value: 0.85882354
      objectReference: {fileID: 0}
    - target: {fileID: 212433486084718144, guid: b245c64cd494b2942ad1e4fc0f8fa6f1,
        type: 2}
      propertyPath: m_Color.b
      value: 0.09411765
      objectReference: {fileID: 0}
    - target: {fileID: 1733241763292932, guid: b245c64cd494b2942ad1e4fc0f8fa6f1, type: 2}
      propertyPath: m_Name
      value: Block (2)
      objectReference: {fileID: 0}
    m_RemovedComponents: []
  m_SourcePrefab: {fileID: 100100000, guid: b245c64cd494b2942ad1e4fc0f8fa6f1, type: 2}
  m_IsPrefabAsset: 0
--- !u!1001 &1129079620
Prefab:
  m_ObjectHideFlags: 0
  serializedVersion: 2
  m_Modification:
    m_TransformParent: {fileID: 0}
    m_Modifications:
    - target: {fileID: 4103640681549020, guid: 4bd2268b58d8c3d49b2325010e96eed4, type: 2}
      propertyPath: m_LocalPosition.x
      value: 4.78
      objectReference: {fileID: 0}
    - target: {fileID: 4103640681549020, guid: 4bd2268b58d8c3d49b2325010e96eed4, type: 2}
      propertyPath: m_LocalPosition.y
      value: 0.27
      objectReference: {fileID: 0}
    - target: {fileID: 4103640681549020, guid: 4bd2268b58d8c3d49b2325010e96eed4, type: 2}
      propertyPath: m_LocalPosition.z
      value: 0
      objectReference: {fileID: 0}
    - target: {fileID: 4103640681549020, guid: 4bd2268b58d8c3d49b2325010e96eed4, type: 2}
      propertyPath: m_LocalRotation.x
      value: 0
      objectReference: {fileID: 0}
    - target: {fileID: 4103640681549020, guid: 4bd2268b58d8c3d49b2325010e96eed4, type: 2}
      propertyPath: m_LocalRotation.y
      value: 0
      objectReference: {fileID: 0}
    - target: {fileID: 4103640681549020, guid: 4bd2268b58d8c3d49b2325010e96eed4, type: 2}
      propertyPath: m_LocalRotation.z
      value: 0
      objectReference: {fileID: 0}
    - target: {fileID: 4103640681549020, guid: 4bd2268b58d8c3d49b2325010e96eed4, type: 2}
      propertyPath: m_LocalRotation.w
      value: 1
      objectReference: {fileID: 0}
    - target: {fileID: 4103640681549020, guid: 4bd2268b58d8c3d49b2325010e96eed4, type: 2}
      propertyPath: m_RootOrder
      value: 6
      objectReference: {fileID: 0}
    m_RemovedComponents: []
  m_SourcePrefab: {fileID: 100100000, guid: 4bd2268b58d8c3d49b2325010e96eed4, type: 2}
  m_IsPrefabAsset: 0
--- !u!1001 &1227128683
Prefab:
  m_ObjectHideFlags: 0
  serializedVersion: 2
  m_Modification:
    m_TransformParent: {fileID: 496945396}
    m_Modifications:
    - target: {fileID: 4342440674800068, guid: b245c64cd494b2942ad1e4fc0f8fa6f1, type: 2}
      propertyPath: m_LocalPosition.x
      value: 7.716
      objectReference: {fileID: 0}
    - target: {fileID: 4342440674800068, guid: b245c64cd494b2942ad1e4fc0f8fa6f1, type: 2}
      propertyPath: m_LocalPosition.y
      value: 6.726
      objectReference: {fileID: 0}
    - target: {fileID: 4342440674800068, guid: b245c64cd494b2942ad1e4fc0f8fa6f1, type: 2}
      propertyPath: m_LocalPosition.z
      value: 0
      objectReference: {fileID: 0}
    - target: {fileID: 4342440674800068, guid: b245c64cd494b2942ad1e4fc0f8fa6f1, type: 2}
      propertyPath: m_LocalRotation.x
      value: -0
      objectReference: {fileID: 0}
    - target: {fileID: 4342440674800068, guid: b245c64cd494b2942ad1e4fc0f8fa6f1, type: 2}
      propertyPath: m_LocalRotation.y
      value: -0
      objectReference: {fileID: 0}
    - target: {fileID: 4342440674800068, guid: b245c64cd494b2942ad1e4fc0f8fa6f1, type: 2}
      propertyPath: m_LocalRotation.z
      value: -0
      objectReference: {fileID: 0}
    - target: {fileID: 4342440674800068, guid: b245c64cd494b2942ad1e4fc0f8fa6f1, type: 2}
      propertyPath: m_LocalRotation.w
      value: 1
      objectReference: {fileID: 0}
    - target: {fileID: 4342440674800068, guid: b245c64cd494b2942ad1e4fc0f8fa6f1, type: 2}
      propertyPath: m_RootOrder
      value: 3
      objectReference: {fileID: 0}
    - target: {fileID: 212433486084718144, guid: b245c64cd494b2942ad1e4fc0f8fa6f1,
        type: 2}
      propertyPath: m_Color.r
      value: 0.16345215
      objectReference: {fileID: 0}
    - target: {fileID: 212433486084718144, guid: b245c64cd494b2942ad1e4fc0f8fa6f1,
        type: 2}
      propertyPath: m_Color.g
      value: 0.85882354
      objectReference: {fileID: 0}
    - target: {fileID: 212433486084718144, guid: b245c64cd494b2942ad1e4fc0f8fa6f1,
        type: 2}
      propertyPath: m_Color.b
      value: 0.09411765
      objectReference: {fileID: 0}
    - target: {fileID: 1733241763292932, guid: b245c64cd494b2942ad1e4fc0f8fa6f1, type: 2}
      propertyPath: m_Name
      value: Block (3)
      objectReference: {fileID: 0}
    m_RemovedComponents: []
  m_SourcePrefab: {fileID: 100100000, guid: b245c64cd494b2942ad1e4fc0f8fa6f1, type: 2}
  m_IsPrefabAsset: 0
--- !u!1001 &1416691709
Prefab:
  m_ObjectHideFlags: 0
  serializedVersion: 2
  m_Modification:
    m_TransformParent: {fileID: 0}
    m_Modifications:
    - target: {fileID: 4785370748957632, guid: a80b77f6d48a32346becb8e6a4852492, type: 2}
      propertyPath: m_LocalPosition.x
      value: 0
      objectReference: {fileID: 0}
    - target: {fileID: 4785370748957632, guid: a80b77f6d48a32346becb8e6a4852492, type: 2}
      propertyPath: m_LocalPosition.y
      value: 0
      objectReference: {fileID: 0}
    - target: {fileID: 4785370748957632, guid: a80b77f6d48a32346becb8e6a4852492, type: 2}
      propertyPath: m_LocalPosition.z
      value: 0
      objectReference: {fileID: 0}
    - target: {fileID: 4785370748957632, guid: a80b77f6d48a32346becb8e6a4852492, type: 2}
      propertyPath: m_LocalRotation.x
      value: 0
      objectReference: {fileID: 0}
    - target: {fileID: 4785370748957632, guid: a80b77f6d48a32346becb8e6a4852492, type: 2}
      propertyPath: m_LocalRotation.y
      value: 0
      objectReference: {fileID: 0}
    - target: {fileID: 4785370748957632, guid: a80b77f6d48a32346becb8e6a4852492, type: 2}
      propertyPath: m_LocalRotation.z
      value: 0
      objectReference: {fileID: 0}
    - target: {fileID: 4785370748957632, guid: a80b77f6d48a32346becb8e6a4852492, type: 2}
      propertyPath: m_LocalRotation.w
      value: 1
      objectReference: {fileID: 0}
    - target: {fileID: 4785370748957632, guid: a80b77f6d48a32346becb8e6a4852492, type: 2}
      propertyPath: m_RootOrder
      value: 5
      objectReference: {fileID: 0}
    m_RemovedComponents: []
  m_SourcePrefab: {fileID: 100100000, guid: a80b77f6d48a32346becb8e6a4852492, type: 2}
  m_IsPrefabAsset: 0
--- !u!4 &1502508849 stripped
Transform:
  m_CorrespondingSourceObject: {fileID: 4342440674800068, guid: b245c64cd494b2942ad1e4fc0f8fa6f1,
    type: 2}
  m_PrefabInternal: {fileID: 1101418211}
--- !u!1001 &1535424965
Prefab:
  m_ObjectHideFlags: 0
  serializedVersion: 2
  m_Modification:
    m_TransformParent: {fileID: 0}
    m_Modifications:
    - target: {fileID: 4453297734409166, guid: 754bd09981c758b459ebc29faf6a008a, type: 2}
      propertyPath: m_LocalPosition.x
      value: 4.78
      objectReference: {fileID: 0}
    - target: {fileID: 4453297734409166, guid: 754bd09981c758b459ebc29faf6a008a, type: 2}
      propertyPath: m_LocalPosition.y
      value: 0.77
      objectReference: {fileID: 0}
    - target: {fileID: 4453297734409166, guid: 754bd09981c758b459ebc29faf6a008a, type: 2}
      propertyPath: m_LocalPosition.z
      value: 0
      objectReference: {fileID: 0}
    - target: {fileID: 4453297734409166, guid: 754bd09981c758b459ebc29faf6a008a, type: 2}
      propertyPath: m_LocalRotation.x
      value: 0
      objectReference: {fileID: 0}
    - target: {fileID: 4453297734409166, guid: 754bd09981c758b459ebc29faf6a008a, type: 2}
      propertyPath: m_LocalRotation.y
      value: 0
      objectReference: {fileID: 0}
    - target: {fileID: 4453297734409166, guid: 754bd09981c758b459ebc29faf6a008a, type: 2}
      propertyPath: m_LocalRotation.z
      value: 0
      objectReference: {fileID: 0}
    - target: {fileID: 4453297734409166, guid: 754bd09981c758b459ebc29faf6a008a, type: 2}
      propertyPath: m_LocalRotation.w
      value: 1
      objectReference: {fileID: 0}
    - target: {fileID: 4453297734409166, guid: 754bd09981c758b459ebc29faf6a008a, type: 2}
      propertyPath: m_RootOrder
      value: 7
      objectReference: {fileID: 0}
    - target: {fileID: 114280841226279584, guid: 754bd09981c758b459ebc29faf6a008a,
        type: 2}
      propertyPath: paddle1
      value: 
      objectReference: {fileID: 86546455}
    m_RemovedComponents: []
  m_SourcePrefab: {fileID: 100100000, guid: 754bd09981c758b459ebc29faf6a008a, type: 2}
  m_IsPrefabAsset: 0
--- !u!4 &1596377127 stripped
Transform:
  m_CorrespondingSourceObject: {fileID: 4342440674800068, guid: b245c64cd494b2942ad1e4fc0f8fa6f1,
    type: 2}
  m_PrefabInternal: {fileID: 527120112}
--- !u!1001 &1653194549
Prefab:
  m_ObjectHideFlags: 0
  serializedVersion: 2
  m_Modification:
    m_TransformParent: {fileID: 496945396}
    m_Modifications:
    - target: {fileID: 4342440674800068, guid: b245c64cd494b2942ad1e4fc0f8fa6f1, type: 2}
      propertyPath: m_LocalPosition.x
      value: 6.746
      objectReference: {fileID: 0}
    - target: {fileID: 4342440674800068, guid: b245c64cd494b2942ad1e4fc0f8fa6f1, type: 2}
      propertyPath: m_LocalPosition.y
      value: 6.726
      objectReference: {fileID: 0}
    - target: {fileID: 4342440674800068, guid: b245c64cd494b2942ad1e4fc0f8fa6f1, type: 2}
      propertyPath: m_LocalPosition.z
      value: 0
      objectReference: {fileID: 0}
    - target: {fileID: 4342440674800068, guid: b245c64cd494b2942ad1e4fc0f8fa6f1, type: 2}
      propertyPath: m_LocalRotation.x
      value: -0
      objectReference: {fileID: 0}
    - target: {fileID: 4342440674800068, guid: b245c64cd494b2942ad1e4fc0f8fa6f1, type: 2}
      propertyPath: m_LocalRotation.y
      value: -0
      objectReference: {fileID: 0}
    - target: {fileID: 4342440674800068, guid: b245c64cd494b2942ad1e4fc0f8fa6f1, type: 2}
      propertyPath: m_LocalRotation.z
      value: -0
      objectReference: {fileID: 0}
    - target: {fileID: 4342440674800068, guid: b245c64cd494b2942ad1e4fc0f8fa6f1, type: 2}
      propertyPath: m_LocalRotation.w
      value: 1
      objectReference: {fileID: 0}
    - target: {fileID: 4342440674800068, guid: b245c64cd494b2942ad1e4fc0f8fa6f1, type: 2}
      propertyPath: m_RootOrder
      value: 1
      objectReference: {fileID: 0}
    - target: {fileID: 212433486084718144, guid: b245c64cd494b2942ad1e4fc0f8fa6f1,
        type: 2}
      propertyPath: m_Color.r
      value: 0.16345215
      objectReference: {fileID: 0}
    - target: {fileID: 212433486084718144, guid: b245c64cd494b2942ad1e4fc0f8fa6f1,
        type: 2}
      propertyPath: m_Color.g
      value: 0.85882354
      objectReference: {fileID: 0}
    - target: {fileID: 212433486084718144, guid: b245c64cd494b2942ad1e4fc0f8fa6f1,
        type: 2}
      propertyPath: m_Color.b
      value: 0.09411765
      objectReference: {fileID: 0}
    - target: {fileID: 1733241763292932, guid: b245c64cd494b2942ad1e4fc0f8fa6f1, type: 2}
      propertyPath: m_Name
      value: Block (1)
      objectReference: {fileID: 0}
    m_RemovedComponents: []
  m_SourcePrefab: {fileID: 100100000, guid: b245c64cd494b2942ad1e4fc0f8fa6f1, type: 2}
  m_IsPrefabAsset: 0
--- !u!1001 &1690748423
Prefab:
  m_ObjectHideFlags: 0
  serializedVersion: 2
  m_Modification:
    m_TransformParent: {fileID: 0}
    m_Modifications:
    - target: {fileID: 4342440674800068, guid: 7cbf1b501de503a43b257b7c8fbd6ffc, type: 2}
      propertyPath: m_LocalPosition.x
      value: 9.8982525
      objectReference: {fileID: 0}
    - target: {fileID: 4342440674800068, guid: 7cbf1b501de503a43b257b7c8fbd6ffc, type: 2}
      propertyPath: m_LocalPosition.y
      value: 6.8634615
      objectReference: {fileID: 0}
    - target: {fileID: 4342440674800068, guid: 7cbf1b501de503a43b257b7c8fbd6ffc, type: 2}
      propertyPath: m_LocalPosition.z
      value: 0
      objectReference: {fileID: 0}
    - target: {fileID: 4342440674800068, guid: 7cbf1b501de503a43b257b7c8fbd6ffc, type: 2}
      propertyPath: m_LocalRotation.x
      value: -0
      objectReference: {fileID: 0}
    - target: {fileID: 4342440674800068, guid: 7cbf1b501de503a43b257b7c8fbd6ffc, type: 2}
      propertyPath: m_LocalRotation.y
      value: -0
      objectReference: {fileID: 0}
    - target: {fileID: 4342440674800068, guid: 7cbf1b501de503a43b257b7c8fbd6ffc, type: 2}
      propertyPath: m_LocalRotation.z
      value: -0
      objectReference: {fileID: 0}
    - target: {fileID: 4342440674800068, guid: 7cbf1b501de503a43b257b7c8fbd6ffc, type: 2}
      propertyPath: m_LocalRotation.w
      value: 1
      objectReference: {fileID: 0}
    - target: {fileID: 4342440674800068, guid: 7cbf1b501de503a43b257b7c8fbd6ffc, type: 2}
      propertyPath: m_RootOrder
      value: 3
      objectReference: {fileID: 0}
    - target: {fileID: 1733241763292932, guid: 7cbf1b501de503a43b257b7c8fbd6ffc, type: 2}
      propertyPath: m_Name
      value: BreakableBlock2Hits (1)
      objectReference: {fileID: 0}
    m_RemovedComponents: []
  m_SourcePrefab: {fileID: 100100000, guid: 7cbf1b501de503a43b257b7c8fbd6ffc, type: 2}
  m_IsPrefabAsset: 0
--- !u!1 &1908025326
GameObject:
  m_ObjectHideFlags: 0
  m_CorrespondingSourceObject: {fileID: 0}
  m_PrefabInternal: {fileID: 0}
  serializedVersion: 6
  m_Component:
  - component: {fileID: 1908025329}
  - component: {fileID: 1908025328}
  - component: {fileID: 1908025327}
  m_Layer: 0
  m_Name: EventSystem
  m_TagString: Untagged
  m_Icon: {fileID: 0}
  m_NavMeshLayer: 0
  m_StaticEditorFlags: 0
  m_IsActive: 1
--- !u!114 &1908025327
MonoBehaviour:
  m_ObjectHideFlags: 0
  m_CorrespondingSourceObject: {fileID: 0}
  m_PrefabInternal: {fileID: 0}
  m_GameObject: {fileID: 1908025326}
  m_Enabled: 1
  m_EditorHideFlags: 0
  m_Script: {fileID: 1077351063, guid: f70555f144d8491a825f0804e09c671c, type: 3}
  m_Name: 
  m_EditorClassIdentifier: 
  m_HorizontalAxis: Horizontal
  m_VerticalAxis: Vertical
  m_SubmitButton: Submit
  m_CancelButton: Cancel
  m_InputActionsPerSecond: 10
  m_RepeatDelay: 0.5
  m_ForceModuleActive: 0
--- !u!114 &1908025328
MonoBehaviour:
  m_ObjectHideFlags: 0
  m_CorrespondingSourceObject: {fileID: 0}
  m_PrefabInternal: {fileID: 0}
  m_GameObject: {fileID: 1908025326}
  m_Enabled: 1
  m_EditorHideFlags: 0
  m_Script: {fileID: -619905303, guid: f70555f144d8491a825f0804e09c671c, type: 3}
  m_Name: 
  m_EditorClassIdentifier: 
  m_FirstSelected: {fileID: 0}
  m_sendNavigationEvents: 1
  m_DragThreshold: 10
--- !u!4 &1908025329
Transform:
  m_ObjectHideFlags: 0
  m_CorrespondingSourceObject: {fileID: 0}
  m_PrefabInternal: {fileID: 0}
  m_GameObject: {fileID: 1908025326}
  m_LocalRotation: {x: 0, y: 0, z: 0, w: 1}
  m_LocalPosition: {x: 0, y: 0, z: 0}
  m_LocalScale: {x: 1, y: 1, z: 1}
  m_Children: []
  m_Father: {fileID: 0}
  m_RootOrder: 8
  m_LocalEulerAnglesHint: {x: 0, y: 0, z: 0}
--- !u!1001 &1919951144
Prefab:
  m_ObjectHideFlags: 0
  serializedVersion: 2
  m_Modification:
    m_TransformParent: {fileID: 0}
    m_Modifications:
    - target: {fileID: 4342440674800068, guid: 7cbf1b501de503a43b257b7c8fbd6ffc, type: 2}
      propertyPath: m_LocalPosition.x
      value: 8.889864
      objectReference: {fileID: 0}
    - target: {fileID: 4342440674800068, guid: 7cbf1b501de503a43b257b7c8fbd6ffc, type: 2}
      propertyPath: m_LocalPosition.y
      value: 6.9059196
      objectReference: {fileID: 0}
    - target: {fileID: 4342440674800068, guid: 7cbf1b501de503a43b257b7c8fbd6ffc, type: 2}
      propertyPath: m_LocalPosition.z
      value: 0
      objectReference: {fileID: 0}
    - target: {fileID: 4342440674800068, guid: 7cbf1b501de503a43b257b7c8fbd6ffc, type: 2}
      propertyPath: m_LocalRotation.x
      value: -0
      objectReference: {fileID: 0}
    - target: {fileID: 4342440674800068, guid: 7cbf1b501de503a43b257b7c8fbd6ffc, type: 2}
      propertyPath: m_LocalRotation.y
      value: -0
      objectReference: {fileID: 0}
    - target: {fileID: 4342440674800068, guid: 7cbf1b501de503a43b257b7c8fbd6ffc, type: 2}
      propertyPath: m_LocalRotation.z
      value: -0
      objectReference: {fileID: 0}
    - target: {fileID: 4342440674800068, guid: 7cbf1b501de503a43b257b7c8fbd6ffc, type: 2}
      propertyPath: m_LocalRotation.w
      value: 1
      objectReference: {fileID: 0}
    - target: {fileID: 4342440674800068, guid: 7cbf1b501de503a43b257b7c8fbd6ffc, type: 2}
      propertyPath: m_RootOrder
      value: 4
      objectReference: {fileID: 0}
    m_RemovedComponents: []
  m_SourcePrefab: {fileID: 100100000, guid: 7cbf1b501de503a43b257b7c8fbd6ffc, type: 2}
  m_IsPrefabAsset: 0
--- !u!1001 &1932660597
Prefab:
  m_ObjectHideFlags: 0
  serializedVersion: 2
  m_Modification:
    m_TransformParent: {fileID: 496945396}
    m_Modifications:
    - target: {fileID: 4342440674800068, guid: 659164e148a980740a161ce9c7760e02, type: 2}
      propertyPath: m_LocalPosition.x
      value: 1.4109445
      objectReference: {fileID: 0}
    - target: {fileID: 4342440674800068, guid: 659164e148a980740a161ce9c7760e02, type: 2}
      propertyPath: m_LocalPosition.y
      value: 5.157789
      objectReference: {fileID: 0}
    - target: {fileID: 4342440674800068, guid: 659164e148a980740a161ce9c7760e02, type: 2}
      propertyPath: m_LocalPosition.z
      value: 0
      objectReference: {fileID: 0}
    - target: {fileID: 4342440674800068, guid: 659164e148a980740a161ce9c7760e02, type: 2}
      propertyPath: m_LocalRotation.x
      value: -0
      objectReference: {fileID: 0}
    - target: {fileID: 4342440674800068, guid: 659164e148a980740a161ce9c7760e02, type: 2}
      propertyPath: m_LocalRotation.y
      value: -0
      objectReference: {fileID: 0}
    - target: {fileID: 4342440674800068, guid: 659164e148a980740a161ce9c7760e02, type: 2}
      propertyPath: m_LocalRotation.z
      value: -0
      objectReference: {fileID: 0}
    - target: {fileID: 4342440674800068, guid: 659164e148a980740a161ce9c7760e02, type: 2}
      propertyPath: m_LocalRotation.w
      value: 1
      objectReference: {fileID: 0}
    - target: {fileID: 4342440674800068, guid: 659164e148a980740a161ce9c7760e02, type: 2}
      propertyPath: m_RootOrder
      value: 5
      objectReference: {fileID: 0}
    m_RemovedComponents: []
  m_SourcePrefab: {fileID: 100100000, guid: 659164e148a980740a161ce9c7760e02, type: 2}
  m_IsPrefabAsset: 0
--- !u!4 &1932660598 stripped
Transform:
  m_CorrespondingSourceObject: {fileID: 4342440674800068, guid: 659164e148a980740a161ce9c7760e02,
    type: 2}
  m_PrefabInternal: {fileID: 1932660597}
--- !u!4 &1993411364 stripped
Transform:
  m_CorrespondingSourceObject: {fileID: 4342440674800068, guid: b245c64cd494b2942ad1e4fc0f8fa6f1,
    type: 2}
  m_PrefabInternal: {fileID: 1653194549}
--- !u!1001 &2019799874
Prefab:
  m_ObjectHideFlags: 0
  serializedVersion: 2
  m_Modification:
    m_TransformParent: {fileID: 496945396}
    m_Modifications:
    - target: {fileID: 4342440674800068, guid: 659164e148a980740a161ce9c7760e02, type: 2}
      propertyPath: m_LocalPosition.x
      value: 5.31
      objectReference: {fileID: 0}
    - target: {fileID: 4342440674800068, guid: 659164e148a980740a161ce9c7760e02, type: 2}
      propertyPath: m_LocalPosition.y
      value: 5.16
      objectReference: {fileID: 0}
    - target: {fileID: 4342440674800068, guid: 659164e148a980740a161ce9c7760e02, type: 2}
      propertyPath: m_LocalPosition.z
      value: 0
      objectReference: {fileID: 0}
    - target: {fileID: 4342440674800068, guid: 659164e148a980740a161ce9c7760e02, type: 2}
      propertyPath: m_LocalRotation.x
      value: -0
      objectReference: {fileID: 0}
    - target: {fileID: 4342440674800068, guid: 659164e148a980740a161ce9c7760e02, type: 2}
      propertyPath: m_LocalRotation.y
      value: -0
      objectReference: {fileID: 0}
    - target: {fileID: 4342440674800068, guid: 659164e148a980740a161ce9c7760e02, type: 2}
      propertyPath: m_LocalRotation.z
      value: -0
      objectReference: {fileID: 0}
    - target: {fileID: 4342440674800068, guid: 659164e148a980740a161ce9c7760e02, type: 2}
      propertyPath: m_LocalRotation.w
      value: 1
      objectReference: {fileID: 0}
    - target: {fileID: 4342440674800068, guid: 659164e148a980740a161ce9c7760e02, type: 2}
      propertyPath: m_RootOrder
      value: 9
      objectReference: {fileID: 0}
    - target: {fileID: 1733241763292932, guid: 659164e148a980740a161ce9c7760e02, type: 2}
      propertyPath: m_Name
      value: UnbreakableBlock (4)
      objectReference: {fileID: 0}
    m_RemovedComponents: []
  m_SourcePrefab: {fileID: 100100000, guid: 659164e148a980740a161ce9c7760e02, type: 2}
  m_IsPrefabAsset: 0
--- !u!4 &2019799875 stripped
Transform:
  m_CorrespondingSourceObject: {fileID: 4342440674800068, guid: 659164e148a980740a161ce9c7760e02,
    type: 2}
  m_PrefabInternal: {fileID: 2019799874}
